2886 4906
396 243 629 352 crunnus.
675 227 859 352 cantu.
987 243 990 248 '
1103 305 1106 321 ·
1278 295 1343 358 aas

76 458 117 525 ad
134 455 334 534 Annibalem,
348 457 515 542 jungendo
530 459 686 528 societatis
700 451 812 540 praeit,
827 476 898 522 cum
916 458 1053 542 epistolis
1066 459 1164 530 nsittit
1175 482 1183 522 t
1193 471 1343 526 subtus.
1413 501 1417 510 ·

76 544 145 628 ²qui
160 543 410 626 comprehensus,
425 557 457 605 et
471 546 512 608 ad
527 559 668 608 senatum
689 547 868 627 perductus,
878 537 1060 608 'incolumis
1075 539 1232 612 diruis-⁰¹·
1245 542 1299 592 ¹4¹·
1312 543 1336 592 2¹

74 651 131 694 sus
145 647 205 706 est,
219 640 293 692 ³nou
316 629 348 692 in
370 630 519 692 honoiem
535 631 631 712 regis,
645 635 702 694 sed
718 651 758 692 ne
772 632 886 694 dubius
905 633 1017 705 adhuc,
1031 633 1184 735 mdpbim·
1193 606 1346 727 Ηζξὲξξξ

76 730 128 784 tus
150 716 247 796 inustis
269 717 462 786 redderetur.
507 713 621 778 Postei
638 715 725 792 verb,
740 721 813 783 edm
837 716 987 779 Romanis
1006 733 1187 784 nunciatum

74 815 169 880 esset,
185 801 216 862 in
233 802 355 870 ltaliam
373 801 551 883 Philippum
573 804 677 885 copias
697 804 900 885 trajectumm
915 801 1095 868 ³Laeviuum
1111 821 1187 885 prae-

73 890 176 950 torem
199 909 270 948 cum
293 886 451 949 instructis
473 889 603 952 navibus
623 889 665 950 ad
684 889 911 970 prohibendum
933 885 1097 954 transitum
1115 889 1187 952 mit·

74 987 154 1034 tunt.
179 971 246 1046 Qut
260 975 334 1036 cum
348 973 379 1034 in
396 973 551 1034 Gratiam
568 973 751 1056 trajecisset,
761 973 868 1036 multis
884 977 1045 1056 promissis
1057 977 1198 1058 impellit

72 1055 338 1123 ⁴AEtulosbellum
355 1057 506 1131 adversus
524 1057 703 1141 Philippum
720 1061 887 1140 suscipere.
930 1061 1097 1145 Philippus
1109 1082 1187 1144 quo·

74 1163 136 1225 que
153 1143 290 1206 ,Aehaeos
306 1145 339 1206 in
355 1142 569 1206 Romanorum
586 1145 664 1206 bella
680 1145 824 1226 solicitat.
862 1145 1029 1210 Interesse
1046 1147 1188 1210 Dardani

75 1227 277 1292 Macedoniae
287 1229 369 1290 'fines
385 1245 505 1290 vastare
518 1231 901 1312 creperuntpabductisque
914 1253 956 1296 xx
970 1235 1108 1296 millibus
1117 1252 1188 1316 cap·

72 1316 224 1390 tivorum,
239 1314 420 1398 Philippum
436 1311 454 1373 a
471 1313 613 1378 Romano
629 1316 764 1378 bello'ad
779 1319 930 1379 tuendum
946 1337 1077 1400 regnum
1098 1341 1187 1382 revo-

9 1455 10 1458 ,
74 1402 237 1462 caverunt.
262 1399 423 1462 Cumhaec
439 1413 584 1482 aguntur,
600 1401 747 1463 Laevinus
763 1419 885 1487 praetor,
901 1404 975 1468 inita
990 1409 1076 1468 ⁵cum
1094 1405 1188 1468 Atta·
1211 1423 1214 1427 ’

74 1487 106 1548 lo
120 1506 195 1568 rege
212 1487 370 1561 societate,
383 1485 553 1548 ⁶Graeciam
570 1489 745 1570 populatur.
770 1487 896 1562 Quibus
912 1491 1052 1553 cladibus
1067 1493 1187 1573 percul-

74 1591 114 1634 sae
126 1573 280 1656 civitates,
293 1572 446 1637 auxilium
459 1587 611 1654 petentes,
624 1567 803 1656 Philippum
819 1576 1025 1658 legationibus
1039 1577 1185 1660 litigant:

73 1678 194 1720 necnon
210 1672 241 1720 et
258 1657 438 1738 lllyriorum
459 1677 525 1732 rex,
540 1659 629 1718 lateri
651 1660 720 1740 ejus
743 1662 872 1732 haerens,
887 1663 1021 1723 assiduis
1043 1665 1188 1744 precibus

74 1746 230 1828 promissa
244 1741 427 1823 exigebant,
442 1741 543 1824 Super
557 1743 622 1804 haec
633 1745 744 1806 vastati
763 1746 957 1806 Macedones
970 1745 1118 1808 ultionem
1134 1745 1188 1810 fla-

74 1829 225 1912 gitabant.
269 1825 396 1900 Quibus
411 1842 457 1890 tot
469 1827 626 1909 tantisque
640 1830 734 1890 rebus
749 1832 906 1908 obsessus,
921 1833 971 1893 cui
989 1833 1035 1894 rei
1051 1833 1188 1913 primum

73 1930 263 1991 occurreret,
281 1912 474 1996 ambigebat:
498 1913 643 1974 omnibus
666 1928 775 1976 tamen
792 1935 888 1998 prope
910 1917 996 1978 diem
1019 1919 1134 1980 auxilia
1154 1940 1187 1980 se
1197 1929 1344 1989 stultiut

74 2001 246 2076 missurum
257 1997 446 2082 'pollicetun
468 1999 620 2098 o0u5quia
636 1995 737 2061 facere
760 2020 864 2082 posset
880 2020 949 2084 quae
969 2005 1167 2087 promittebat
1178 2031 1186 2078 ς
1196 2004 1236 2053 01.
1249 2001 1305 2052 144.
1318 2003 1340 2050 ¹·

74 2086 132 2148 sed
145 2099 183 2172 ut
196 2105 251 2168 spe
267 2084 412 2170 impletos
422 2083 454 2144 in
470 2083 627 2144 societatis
638 2083 711 2170 jure
726 2084 883 2156 retineret.
909 2089 1014 2152 Prima
1027 2105 1130 2152 tamen
1143 2069 1343 2190 illiffigggg
1433 2155 1434 2166 2

75 2171 408 2260 appeditioadverstis
432 2169 598 2234 Dardanos
614 2167 692 2230 fuit:
716 2168 786 2253 bqui
808 2175 979 2257 absentiam
1002 2177 1071 2262 ejus
1092 2197 1187 2241 aneu.
1251 2175 1257 2187 ‘
1281 2174 1287 2187 ·
1337 2172 1345 2186 ·

332 2339 333 2347 ’
380 2409 383 2416 ,
442 2354 779 2406 Ι’ιΝτΕιιΡιὶιετΑΤιο.
805 2387 808 2396 .

107 2506 191 2554 aNon
199 2511 228 2552 ut
237 2517 319 2565 regem
328 2503 465 2559 immutaret,
471 2503 516 2550 aed
522 2515 553 2548 ne
560 2499 621 2548 Plu'-
677 2499 693 2548 b
711 2503 767 2563 Qpi,
781 2507 938 2564 expectemus
956 2511 1107 2571 tempusque
1122 2513 1202 2564 oben

73 2573 161 2636 Elipeus,
177 2575 208 2620 de
228 2570 422 2632 qaouabitabut
439 2585 472 2616 on
485 2570 557 2616 uellet
573 2569 620 2631 ipsi
644 2578 680 2616 set
695 2565 713 2616 d
731 2578 812 2634 reguo
826 2568 971 2632 Philippus,
984 2574 1104 2629 habebant
1119 2595 1190 2626 exer·
1223 2580 1225 2592 ’
1261 2632 1264 2641 Ι

75 2641 158 2687 bellum
169 2634 440 2701 inferre,·impelleterur
448 2635 484 2686 od
492 2635 575 2684 bellum
584 2639 619 2683 in·
644 2639 717 2684 citam
726 2640 839 2698 majorem
844 2643 962 2700 paratum
970 2639 1003 2688 ad
1014 2640 1195 2708 subigendam¹

22 2706 25 2712 “
68 2704 207 2772 j'ercndum.
357 2721 362 2731 ·
522 2741 524 2743 .
643 2701 826 2752 atlaceuonmm.
908 2739 912 2752 Ι

436 2831 438 2836 ’
494 2882 497 2886 -
568 2852 683 2916 uonna.

110 2985 124 3034 1
150 2989 198 3047 Qui
220 2981 426 3052 comprehensus]
447 2986 515 3040 Dum
537 2989 620 3036 Xeno·
644 2981 711 3034 clam
729 2981 865 3045 immissis,
877 2993 958 3038 noctu
969 2990 1107 3054 eruptione
1118 2980 1206 3042 factt'

76 3051 183 3118 phanes,
199 3053 340 3120 legationis
357 3055 490 3118 princeps,
505 3055 618 3118 Capuam
645 3051 787 3102 trucidavit
807 3053 1074 3122 possessoremque
1105 3067 1192 3110 castra

74 3119 145 3182 petit
161 3119 223 3172 cum
242 3119 330 3173 sociis,
346 3119 440 3170 incidit
457 3121 483 3170 in
498 3119 623 3187 praesidia¹
644 3117 765 3182 diripuit,
777 3118 840 3169 dum
860 3121 997 3186 Philippus
1015 3139 1061 3172 rex
1079 3127 1193 3176 seminu-

76 3189 200 3249 Romana,
222 3187 408 3252 deductusque
430 3187 468 3237 ad
488 3189 619 3238 Laevinum
645 3186 694 3234 dus
715 3185 841 3252 fugiend
863 3188 984 3248 classem,
1000 3191 1087 3256 etque
1105 3191 1191 3256 ipsius

8 3303 9 3310 ,
77 3255 228 3314 Praetorem,
239 3253 256 3304 a
268 3252 393 3318 Philippo
405 3253 521 3305 missum¹
531 3271 559 3304 se
573 3253 619 3302 fin·
641 3251 719 3317 jussu
730 3253 878 3314 combusta,
892 3255 917 3304 in
934 3257 1116 3308 Macedoniam
1129 3274 1191 3312 cum

48 3345 52 3356 =
76 3321 118 3370 xit
135 3321 169 3370 ad
181 3322 334 3372 societatem
346 3320 406 3368 cum
417 3321 515 3384 populo
525 3324 620 3372 ttann-
645 3319 766 3368 exercitu
776 3337 804 3370 se
816 3323 922 3386 recepit.
958 3323 999 3374 leri
1012 3325 1108 3389 Liuius.

75 3403 108 3436 ne
120 3385 289 3438 firmandam:
305 3399 387 3454 quare
405 3385 439 3434 iis
455 3387 532 3438 dedit
543 3387 621 3438 Laevi·
678 3385 825 3450 ufficone]
847 3393 928 3450 Quos,
940 3387 1007 3440 licet
1017 3407 1083 3440 nouo
1095 3391 1191 3444 foedere

75 3469 137 3513 nus,
152 3454 199 3518 qui
218 3457 328 3504 Romam
350 3468 402 3514 eosv
416 3453 621 3505 comitarentur:
645 3467 705 3502 curn
717 3452 840 3523 Philippo
854 3455 971 3522 junctos,
982 3457 1016 3508 ad
1033 3457 1131 3510 bellurn
1147 3461 1193 3512 irn-
1219 3492 1222 3500 ‹
1256 3472 1260 3478 ·

76 3519 126 3570 sed
143 3520 197 3579 ille,
212 3519 332 3584 deceptis
347 3519 513 3582 custodibus,
530 3537 622 3572 conve·
646 3519 728 3583 pulit:
740 3521 803 3572 dum
815 3529 843 3571 et
853 3525 969 3587 Capuam
981 3531 1011 3581 et
1022 3526 1192 3592 Syracusasd

75 3586 117 3636 nit
130 3585 293 3648 Annibalem,
305 3601 364 3637 curn
378 3601 430 3654 quo
449 3589 514 3640 inito
526 3589 621 3644 foedere
648 3587 770 3637 Romanis
792 3598 881 3654 captas
900 3589 1032 3659 predicat,
1051 3601 1079 3644 et
1096 3597 1204 3662 Zacyn-¹
1285 3619 1290 3630 ·
1347 3618 1351 3626 v

73 3653 131 3722 jam
145 3653 326 3704 Macedoniam
345 3653 490 3718 repetebat,
501 3653 561 3706 ciem
576 3657 622 3705 ite·
648 3653 722 3703 thum
742 3654 859 3722 aliasque
872 3657 950 3707 urbes
963 3655 979 3708 it
991 3673 1020 3708 se
1031 3667 1122 3726 captas
1138 3663 1191 3712 illis
1205 3708 1207 3714 ,

77 3735 136 3770 reim
154 3719 273 3772 delesse
295 3722 412 3772 Romana
428 3721 622 3785 deprehensus,
648 3719 795 3786 pollicetur,
1108 3761 1126 3786 „

67 3791 187 3840 ,Romam
208 3788 333 3849 mittitur,
344 3787 402 3836 Haec
416 3789 514 3844 Liuius,
529 3791 622 3849 Plures,
680 3791 696 3836 5
709 3789 768 3838 Oeten
778 3792 862 3843 ‚letale
875 3789 959 3854 rege]
978 3793 1030 3850 Qut
1039 3789 1072 3843 eri
1085 3791 1190 3846 faciliiis

77 3865 101 3905 et
117 3859 208 3905 zonae.
401 3853 414 3898 C
474 3905 476 3912 ,
647 3869 707 3904 curu
730 3857 852 3916 Romanis
875 3857 958 3912 foedus
978 3858 1045 3921 iniit,
1067 3859 1140 3932 qudd
1159 3864 1192 3917 ab

111 3927 127 3974 2
139 3925 267 3972 Incolumis
276 3925 387 3973 diminuta
396 3921 449 3983 eet]
460 3923 552 3988 Legati
562 3921 622 3972 Phi·
648 3921 778 3972 Antiocho
789 3925 886 3987 blagno
899 3927 949 3976 sibi
962 3937 1099 3978 metueret.

76 3988 143 4056 lippi
156 3991 182 4038 in
194 3986 298 4040 vincula
304 3988 430 4056 conjecti,
439 3989 622 4040 Annibalisve-
681 3991 697 4040 6
713 3991 830 4041 Graeclam
838 3984 992 4058 populuum]
1009 3995 1099 4059 captis
1112 3991 1128 4044 ὲ
1141 3996 1192 4044 Lae.

78 4055 108 4105 nri
128 4057 177 4107 sub
198 4056 399 4116 hastavenditi,
417 4064 448 4106 ut
464 4059 565 4107 Auctor
581 4069 622 4108 est
647 4056 706 4106 vino
724 4058 864 4123 »zacyntho
882 4069 911 4110 et
934 4061 1081 4126 Anticyra,
1093 4059 1192 4112 Consul

79 4125 180 4173 Livius,
319 4147 322 4152 ·
358 4147 360 4150 ·
646 4123 778 4189 Sulpicius
790 4125 943 4192 Philippum
956 4123 1097 4178 de'AEtolis
1109 4143 1192 4192 nuper

113 4194 128 4240 3
140 4193 266 4242 Lucrinum
273 4187 423 4254 pretorem]
441 4190 492 4246 Qui
504 4191 622 4242 Brundu·
647 4191 772 4249 victorem
789 4193 815 4244 in
826 4192 905 4243 uude
927 4194 1077 4258 superstite
1097 4195 1194 4246 Greci-

81 4255 143 4306 sinae
160 4257 238 4308 classi
256 4255 403 4321 prefectus,
421 4257 523 4306 civibus
537 4258 622 4318 urim,
647 4273 739 4324 amque
751 4273 864 4321 omnem,
876 4260 939 4310 hinc
952 4263 1097 4324 ipsecaptt
1113 4264 1192 4322 Oreo,

82 4335 138 4383 quae
147 4321 240 4374 ‘civitas
252 4331 294 4374 est
310 4323 337 4372 in
354 4325 445 4388 Epiro,
457 4324 518 4374 tulit
531 4324 621 4374 auxili.
648 4325 707 4374 inde
720 4325 826 4388 Attalus
835 4329 987 4392 expugnati
1003 4328 1116 4394 Opunte,
1128 4330 1193 4382 diri»

83 4397 145 4446 um:
164 4404 276 4458 eumque
299 4391 434 4456 Philippus
458 4391 621 4456 Apolloniam
645 4389 715 4458 puit:
937 4392 941 4405 '

81 4451 221 4518 pbsideret,
242 4457 312 4510 mille
334 4458 359 4508 in
380 4459 472 4510 urbem
483 4457 622 4512 militibus
