2894 4920
745 215 932 302 Jusrrur

294 413 355 458 non
367 393 496 472 hostium
505 389 663 476 quisquam
675 389 834 472 imposuit:
850 409 920 452 nant
931 390 986 454 ltoe
999 388 1093 454 etiam
1102 387 1320 474 solatioforet.
1357 392 1410 456 Vos

294 502 341 543 me
359 477 527 542 serictate
547 479 668 554 uictum,
686 495 743 538 ‘vas
763 496 808 537 me
826 497 865 538 ex
886 477 1068 558 imperatore
1088 475 1241 560 captiuum
1252 475 1409 561 fecistis,-

294 576 403 650 quoter
424 563 510 626 intra
528 563 607 624 hunc
621 558 781 624 onnum‘itt
796 569 862 646 retica¹
875 561 969 638 uerba
978 559 1185 646 jurejurando
1201 563 1349 626 obstricti
1364 587 1409 626 es·

293 652 346 712 tis.
369 649 441 726 sled
448 649 509 710 ista
521 652 645 718 omitto‚·
660 647 843 732 nequeenim
858 647 984 710 miseros
998 647 1131 710 convitio
1144 649 1269 712 decent.-
1285 647 1409 714 ²Unum

292 756 357 812 oro,
371 735 400 796 si
409 734 636 818 propositorum
651 729 803 816 Antigoni
817 733 853 794 itt
866 754 929 799 ntro
943 733 1043 817 capite
1056 753 1172 799 summa
1185 735 1348 808 consistit,
1358 737 1408 800 iu·

292 835 340 886 ter
361 842 414 884 nos
435 843 481 900 me
503 820 604 883 uelitis
629 819 717 881 mori.
760 816 841 881 Nom
866 839 962 904 neque
986 819 1080 896 illius
1095 820 1233 896 interest,
1261 825 1407 905 qreemad·

212 921 215 928 “
291 908 408 971 montom
423 918 477 969 out
490 905 541 968 ubi
561 900 687 973 eadsine
708 915 739 968 et
756 925 812 986 ego
823 901 920 988 fuero
935 905 1106 982 ignominid
1122 905 1230 970 mortis-
1244 907 1407 972 liberatus.¹

293 995 363 1059 Hoc
381 995 410 1055 si
431 994 568 1076 impetro,
580 989 661 1054 solvo
681 1009 735 1054 vos
745 989 965 1074 jurejurando,
978 993 1032 1076 qni
1052 991 1140 1056 toties
1153 1011 1208 1056 ooo
1227 1010 1406 1058 sacramen·

217 1133 219 1141 .
292 1093 323 1142 to
348 1080 423 1142 milti
444 1079 617 1148 devovistis,
661 1074 724 1138 Aut
746 1077 778 1140 si
798 1075 879 1160 ipsos
898 1077 998 1160 pudet
1018 1079 1143 1162 roganti
1165 1079 1228 1140 oirn
1248 1079 1406 1157 adhibere,

280 1165 408 1252 serrum
433 1167 492 1226 ttuc
515 1163 584 1226 date
605 1172 634 1225 et
655 1162 838 1246 permittite,
855 1163 938 1248 quod
956 1182 1008 1226 nos
1019 1163 1166 1250 facturos
1184 1177 1247 1247 pro
1270 1165 1404 1249 impera·

290 1263 357 1316 tore
368 1250 517 1336 jurastis,
532 1251 743 1334 imperatorem
759 1259 821 1331 pro
835 1247 919 1312 uobis
937 1249 1004 1312 siue
1019 1250 1170 1334 religione
1181 1248 1404 1334 jurisjurandi

265 1396 268 1401 .
280 1336 402 1423 setene.
453 1335 537 1398 Cittn
560 1355 622 1397 non
645 1333 808 1408 obtineret,
828 1355 935 1414 preces
958 1335 990 1396 in
1011 1333 1092 1398 iram
1109 1337 1211 1398 vertit
1269 1335 1403 1416 Adros,

289 1424 344 1495 ait,
358 1423 464 1484 deuota
484 1421 597 1504 cupita,
618 1419 785 1502 respiciant
805 1419 851 1482 dii
866 1419 1081 1506 perjuriorum
1101 1422 1401 1510 vindices‚.tolcsque

288 1509 372 1572 vobis
394 1509 494 1570 exittu
518 1505 600 1582 deut,
620 1503 723 1590 quoles
745 1523 800 1567 vos
824 1505 949 1572 ducibus
969 1504 1082 1570 uestris
1103 1507 1242 1570 dedistis.
1287 1507 1401 1594 Nempe

287 1613 341 1656 uos
366 1593 455 1658 iidem
478 1592 572 1676 paulo
602 1590 687 1668 anti¹
703 1603 734 1654 et
759 1589 908 1656 Perdices
936 1594 1089 1676 sanguine
1113 1595 1188 1656 estis
1212 1597 1351 1678 aspersi,
1376 1609 1400 1660 et

287 1683 323 1742 in
344 1679 542 1762 Antipatrum
566 1677 665 1740 eadem
693 1677 801 1740 moliti.
844 1677 948 1762 Iprsmn
973 1679 1102 1764 denque
1127 1678 1398 1759 Alexandnnn

213 1776 218 1784 ‘
277 1765 338 1852 seu
348 1763 469 1850 suisset
482 1785 549 1828 eum
562 1762 682 1826 mortcili
698 1784 788 1826 manu
807 1763 923 1836 cudere,
939 1765 1172 1848 interempturi.-
1193 1768 1279 1852 quod
1292 1769 1397 1850 protri-

289 1875 369 1915 mum
390 1864 468 1926 erat,
486 1850 684 1914 seditionibus
704 1851 863 1932 agitastis.
910 1849 1027 1920 Ultimo
1043 1871 1123 1914 nunc
1137 1869 1193 1934 ego
1208 1851 1397 1938 perfidorum

288 1939 422 2013 uictima,
445 1939 514 1998 ¹ltos
535 1935 618 1998 uobis
639 1935 725 1996 diros
747 1945 837 2018 atque
857 1935 989 2020 infitias
1012 1937 1089 2013 dico,
1112 1949 1148 1998 ut
1168 1938 1274 2019 inopes
1300 1954 1395 2003 extor-

288 2043 397 2107 resque
418 2043 503 2084 omne
523 2041 617 2090 avum
636 2021 672 2080 iu
685 2019 740 2082 hoc
756 2022 906 2083 castrensi
926 2021 1017 2085 exilio
1036 2025 1163 2106 agatis,-
1183 2019 1397 2112 bdeoorentqn

269 2129 341 2171 uos
362 2128 449 2168 orma
475 2118 589 2180 vestro,
615 2105 724 2190 quibus
744 2106 851 2188 plures
869 2117 1005 2182 ‚oestron
1033 2105 1126 2192 qusint
1150 2109 1292 2172 hostium·
1313 2113 1397 2175 duces

285 2193 509 2276 obsumpsistis.
545 2189 668 2254 Plenus
683 2191 798 2254 deinde
818 2191 884 2269 irae,
899 2194 1044 2256 custodes
1063 2215 1136 2257 suos
1157 2197 1341 2280 praecedere
1360 2200 1397 2262 ad

289 2279 443 2362 Antigoni
469 2292 569 2356 castre
592 2276 693 2364 coepit.
746 2277 894 2360 Sequitur
918 2279 1086 2356 exercitus,
1112 2281 1238 2365 prodito
1261 2283 1396 2368 impera·

215 2417 223 2428 ,
287 2380 355 2428 tore
378 2385 446 2443 suo,
465 2379 497 2428 et
518 2365 584 2449 ipse
602 2365 753 2446 captivus,
775 2362 1035 2448 triumphumque
1055 2366 1095 2428 de
1113 2367 1216 2450 seipso
1232 2369 1276 2433 sd
1301 2372 1398 2434 victo·

286 2450 332 2516 ris
353 2451 402 2516 sui
422 2466 524 2518 cason
546 2451 652 2532 ducit;
678 2450 797 2514 comnia
818 2451 956 2534 auspicia
977 2451 1062 2535 regis
1085 2451 1272 2536 Alexandri,
1298 2471 1333 2520 et
1355 2471 1396 2521 tot

191 2575 194 2582 ,
287 2537 440 2602 bellorum
462 2539 581 2621 palmas
595 2538 777 2618 laureasque
793 2533 854 2600 uni
866 2557 973 2601 secum
988 2538 1100 2602 victori
1115 2539 1292 2604 tradentes:
1312 2557 1347 2605 et
1360 2565 1397 2606 ne

100 2664 103 2672 ·
193 2674 195 2680 .
266 2625 366 2708 -quid
389 2626 512 2689 deesset
536 2644 667 2707 pompe,
696 2621 850 2706 elephanti
872 2635 1010 2708 quoque,
1031 2639 1063 2687 et
1084 2625 1199 2688 auxilia
1221 2625 1398 2694 orientalia

286 2713 528 2792 subsequuntur.
558 2707 663 2775 Tanti
679 2708 836 2792 pulchrior
849 2705 915 2772 haeo
925 2709 1099 2794 Antigono,
1107 2707 1201 2792 quint
1208 2709 1399 2779 Alexandro

243 2835 247 2843 ι
286 2811 336 2861 tot
346 2794 483 2858 victorin
494 2792 642 2867 fuirunt;
657 2809 692 2858 ut
703 2791 778 2857 cunt
793 2793 845 2854 ille
860 2793 1024 2858 Orientem
1040 2795 1160 2873 vicerit,
1171 2796 1222 2860 hie
1231 2799 1328 2862 etiarn
1337 2821 1399 2865 eos
1429 2865 1430 2868 ,

286 2880 432 2962 inquibus
444 2881 559 2942 Oriens
571 2880 670 2942 victus
681 2877 793 2952 luerat,
803 2880 1006 2963 superaverit.
1030 2882 1134 2966 Igitur
1142 2881 1325 2966 Antigonus
1335 2885 1396 2951 do-

284 2967 413 3030 mitores
427 2967 495 3028 illos
509 2964 605 3026 Orbis
620 2963 771 3026 exercitui
783 2964 832 3028 sui
843 2963 970 3044 dividit,
980 2967 1112 3031 redditis
1124 2968 1162 3031 iis
1171 2989 1239 3052 quse
1251 2970 1284 3033 in
1293 2970 1396 3040 victo·

208 3061 210 3066 '
240 3093 242 3098 .
285 3055 331 3116 rii
340 3066 474 3136 ceperntt
488 3049 681 3113 dEume‘nem
690 3047 778 3124 veri,
786 3052 974 3120 verecundis
984 3053 1097 3137 prioris
1108 3054 1266 3134 amicitie,
1276 3055 1310 3118 in
1320 3078 1397 3123 con·

285 3157 425 3224 spectum
436 3157 526 3202 suum
537 3135 642 3207 venire
654 3135 855 3220 prohibitum,
864 3137 1014 3222 assignari
1029 3139 1223 3206 'custodibus
1233 3145 1396 3229 pracepit.

473 3299 476 3307 “
574 3285 575 3290 ’
692 3286 1000 3364 turnnrnnrmo

316 3479 332 3513 a
347 3464 504 3528 Uunmrogo,
515 3469 546 3512 ut
557 3466 706 3528 permittatis
720 3481 757 3516 me
766 3467 826 3516 mori
847 3467 1025 3532 gonoseh‘tem
1031 3465 1160 3530 sorturtont
1171 3467 1316 3521 Ahrondri
1325 3477 1398 3538 regis

283 3533 349 3582 inter
357 3549 408 3588 one,
418 3536 440 3580 si
447 3533 588 3596 Antigonus
597 3537 675 3596 putet
685 3548 710 3580 se
717 3549 765 3581 nott
770 3541 826 3598 pot·
847 3543 871 3584 et
877 3535 986 3596 gloriam
992 3539 1095 3598 portem
1105 3536 1130 3583 in
1141 3543 1176 3584 tot
1185 3535 1258 3585 bellis.

283 3615 317 3658 re,
327 3615 363 3648 me
375 3603 440 3657 vion,
451 3599 561 3663 exsequi
573 3613 602 3647 eo
614 3614 666 3660 que
671 3603 804 3663 proposuit.
880 3599 899 3648 d
910 3601 1052 3650 Eumenem
1066 3601 1171 3651 tradidit
1181 3605 1332 3654 seruandum
1343 3622 1400 3660 cres

316 3665 332 3713 b
346 3667 382 3714 Et
397 3668 506 3728 pereatis
524 3669 598 3713 armis
619 3669 717 3725 vestris,
737 3669 825 3729 putus
847 3667 957 3716 todthus:
969 3667 1124 3718 noluitenitn
1134 3683 1187 3718 crem
1199 3668 1281 3726 eordrn
1293 3673 1400 3738 alloqui,

282 3735 405 3784 occidistis
428 3735 512 3796 plures
532 3731 703 3798 imperatores
723 3743 824 3792 vestros,
847 3738 907 3798 quio
929 3738 1007 3799 ipsum
1032 3735 1143 3799 pudebat
1164 3741 1270 3788 ueterem
1288 3743 1400 3794 andrum

282 3799 463 3865 pandioniam
475 3801 555 3849 drocen
848 3815 954 3852 cernere
965 3801 1116 3869 captivum:
1210 3821 1218 3870 J
1266 3805 1269 3810 ’

314 3867 479 3918 cTrudentes
493 3865 635 3917 crudescunt
648 3870 738 3919 iictori
753 3869 825 3918 detti

773 3995 888 4046 unsre.
991 3959 993 3963 ¹

315 4107 393 4158 lllas
406 4105 474 4154 uoltis
490 4086 651 4168 dicuntsic]
673 4105 750 4162 Quod
766 4103 823 4156 irri-
846 4103 1007 4172 Antigonum
1026 4104 1057 4156 in.
1071 4118 1177 4158 uveam
1197 4119 1293 4159 teneam
1310 4109 1401 4166 inelu·

279 4179 334 4222 turn
349 4189 399 4223 nnn
410 4171 475 4222 luit:
485 4161 634 4238 Antigdnus
645 4174 725 4232 enirn,
737 4173 823 4242 Aegy·
845 4186 902 4223 sunt
918 4175 1009 4229 vivum,
1013 4170 1168 4233 combussit.
1185 4175 1242 4224 Hert
1251 4176 1365 4228 moder.

278 4239 397 4303 ruspidss
409 4239 443 4290 ob
451 4238 588 4304 perfidiam
601 4246 750 4298 execratus,
758 4241 822 4290 Ara-
877 4238 895 4288 2
912 4239 1056 4290 Guttntttttn
1067 4239 1207 4308 precepit]
1227 4243 1399 4310 Antigonus,

278 4305 823 4442 sternunturque
843 4371 1386 4448 n„

365 4388 380 4424 o
417 4389 533 4440 onnus,
571 4385 574 4392 ’
647 4409 648 4412 =
761 4389 793 4430 ct
1148 4395 1158 4436 t
1217 4401 1218 4404 ¹
1380 4399 1397 4434 ι-
