2894 4920
153 271 214 330 uo
246 221 250 230 ’
764 263 972 350 Jusrmr·

152 439 436 528 nmsnnparabat
447 413 754 522 ι1Σοιιιιιιίιιιιὶῑιιιιιιὶ
763 439 876 522 prelio,
882 435 1056 503 exercitum
1065 455 1157 502 auum
1169 433 1424 500 Macedonasin·

152 519 193 568 01.
207 519 263 568 113.
276 519 300 568 3.
311 522 423 590 radere
433 524 542 610 jubete
557 527 617 588 tibi
628 545 734 608 regem
744 527 853 586 eorum
864 525 1022 606 priuatum
1033 521 1155 596 hostem
1170 520 1324 604 demit.
1350 523 1423 585 Nec

151 583 301 702 miii
312 612 494 684 Alexander
508 631 620 692 pugnae
635 631 754 674 moram
770 608 863 674 lecit:
887 607 942 672 sed
958 609 1058 692 primi
1077 607 1295 691 congressione
1309 609 1422 671 vulne·

309 713 378 760 rato
392 696 724 780 ebuo,'chm'praecepe
745 696 786 760 ad
811 711 925 759 terram
948 693 1142 770 'decidisset
1157 711 1311 758 commo
1330 695 1424 758 satel-

308 784 399 854 litum
431 799 584 846 eertrmur.
641 782 757 857 ³Porua
786 783 894 844 multis
919 779 1098 844 vulneribus
1125 779 1255 846 obrutus
1286 780 1420 863 capitur.

73 893 79 902 -
151 872 279 926 ‘luvenis-
296 869 376 951 ,Qui
387 869 504 932 victum
518 877 552 930 se
566 866 648 932 aded
662 869 773 945 doluit,
783 883 818 930 ut
832 865 908 930 cnm
917 867 1041 928 veniam
1057 867 1097 930 ab
1111 865 1199 930 hoste
1215 863 1420 948 *accepisset

151 949 201 991 '‘t·
307 977 409 1038 neque
425 956 529 1020 cibum
551 974 675 1016 sumere
691 954 835 1030 voluerit,
850 973 952 1034 neque
967 951 1097 1016 vulnera
1117 949 1219 1017 curari
1241 971 1356 1033 misus
1371 952 1419 1029 sit,

307 1061 451 1124 aegreque
466 1040 507 1104 sit
520 1042 557 1102 ab
573 1061 613 1100 eo
624 1042 796 1113 obtentum,
811 1054 846 1101 ut
858 1039 950 1102 uellet
962 1037 1079 1101 vivere.
1111 1033 1219 1110 Quem
1233 1035 1417 1102 Alexander

268 1169 269 1176 ι
307 1129 348 1190 ob
363 1128 512 1192 honorem
528 1127 652 1188 virtutis
673 1125 859 1188 incolumem
873 1124 920 1186 ⁴io
937 1144 1068 1207 regnum
1090 1123 1222 1186 remisit.
1248 1122 1360 1187 'Duas
1375 1124 1417 1185 ibi

307 1213 400 1276 urbes
416 1211 573 1274 condidit:
590 1231 683 1274 unam
698 1211 872 1284 ‘Nicaeam
886 1211 1027 1286 ,aberam
1042 1225 1083 1274 ex
1094 1208 1220 1272 nornine
1234 1208 1324 1292 equi,
1338 1211 1415 1272 ⁶liu·

307 1298 456 1382 eeplralen
472 1295 605 1359 uocauit.
645 1297 723 1360 Inde
737 1295 919 1370 ⁷Adrcstaa,
934 1295 1118 1372 Gestabat,
1134 1293 1303 1373 mamas,
1316 1296 1415 1358 'Gun-

308 1385 445 1462 garidas,
459 1383 560 1446 9ιιειίι
575 1401 685 1446 eorum
700 1381 899 1454 exercitibus,
912 1394 1079 1464 expuguat-
1108 1378 1197 1449 ¹(iiim
1212 1379 1279 1442 ιιἰι1
1296 1378 1415 1464 Cophi-

306 1483 355 1530 tes
370 1463 518 1542 venisset,
530 1467 583 1528 ubi
596 1487 669 1530 eum
685 1485 757 1530 cum
769 1466 912 1528 ducentis
926 1465 1036 1530 millib.
1047 1465 1307 1548 equitumhostes
1321 1486 1412 1614 oppe-

266 1623 268 1626 ,
305 1550 1365 1634 riebuntor,exercitusomnis,uonmioue,victoriammuumerotpr
1385 1573 1412 1615 ιιι

306 1639 463 1702 laboribus
478 1637 589 1726 fessus,
600 1639 746 1722 lacrymis
760 1635 1141 1724 eum‘deprecttnr,finem
1156 1637 1276 1702 tandem
1286 1637 1412 1726 bellisa·

802 1869 915 1919 norm.
954 1835 967 1870 '¹

344 2076 359 2124 1
373 2078 499 2130 comparat
515 2077 615 2144 ριιὶίος]
629 2079 683 2130 'hel
701 2077 853 2146 Hydaspen,
872 2091 905 2130 ne
917 2083 1027 2146 tangere
1038 2077 1150 2146 quidem
1158 2076 1282 2138 autleni,
1293 2078 1367 2130 solus
1375 2079 1413 2130 Al·
1434 2095 1435 2144 ι

309 2159 362 2210 quo
381 2148 464 2194 Porus
477 2161 538 2207 eum
551 2149 584 2196 30
601 2148 713 2198 militum
727 2147 852 2206 millibus,
872 2145 987 2196 exander
997 2147 1071 2206 illurn
1084 2148 1140 2198 aine
1149 2145 1413 2202 verberibusadeur-
1434 2147 1435 2150 ’

308 2213 358 2262 300
375 2211 504 2272 curribus,
521 2219 549 2261 et
567 2213 600 2260 85
616 2213 762 2274 elephantis
777 2228 852 2264 vene·
872 2227 930 2261 eum
948 2211 1062 2276 primhm
1082 2212 1205 2264 admisit:
1216 2218 1281 2263 tum
1300 2213 1413 2264 calcibus

307 2285 359 2338 rat,
370 2278 471 2328 hostem
481 2277 498 2328 a
510 2279 624 2327 transitu
635 2277 828 2341 prohibiturus,
872 2289 935 2336 nsua
947 2295 1008 2325 eum
1020 2281 1087 2326 mira
1101 2289 1158 2328 arte
1169 2277 1287 2338 domuit,
1306 2291 1359 2342 quo
1370 2279 1414 2331 lao-

340 2343 532 2410 medontea]
555 2345 623 2394 Dum
640 2341 785 2412 fugientem
804 2345 851 2393 Po·
869 2349 926 2390 tum
942 2350 994 2401 est,
1008 2341 1093 2393 utille
1105 2343 1219 2394 indoreu
1231 2343 1353 2398 insidere
1365 2363 1413 2407 suo,

306 2425 365 2465 rum
377 2412 554 2478 persequitur,
572 2412 748 2476 Bucephalus,
760 2409 850 2461 miultis
871 2416 965 2473 practer
976 2409 1165 2474 Alexandrum,
1180 2416 1322 2476 pateretur
1341 2416 1412 2468 nerui·

305 2477 442 2530 confussus
452 2479 611 2542 vulneribus,
623 2478 773 2543 procubuit,
782 2476 855 2544 posi·'
871 2491 946 2536 nem;
959 2483 989 2528 et
1001 2477 1096 2542 ipsum,
1104 2473 1166 2530 otim
1175 2477 1257 2540 vellet
1263 2482 1412 2542 ascendere,

255 2596 258 2600 .
305 2551 334 2596 to
346 2543 433 2610 potihs
445 2561 516 2614 rege,
527 2561 606 2613 quam
618 2543 710 2598 effuso.
871 2545 963 2607 sponte
976 2545 1025 2596 aui
1037 2559 1124 2612 genua
1135 2544 1306 2608 submittens,
1315 2549 1412 2615 excipe·

338 2611 355 2663 3
373 2616 456 2664 Portu
467 2617 548 2664 multis
559 2616 710 2673 vulneribus,
721 2609 782 2676 tac]
799 2613 851 2661 Bu·
871 2618 921 2660 ret.

305 2679 414 2743 cephalo
432 2680 592 2740 Alexander,
611 2683 694 2730 Porus
712 2679 849 2744 elephante
903 2677 1071 2741 miratae]
1083 2678 1412 2742 praetermeantem

305 2746 456 2796 vehebatur.
484 2749 580 2798 Rector
592 2747 682 2796 bellue
691 2756 722 2796 ut
734 2746 850 2797 viditre-
871 2750 928 2795 teas
952 2746 1069 2794 Arriano.
1107 2748 1246 2796 Geatconor.
1270 2747 1411 2812 [Cathenos

305 2827 366 2878 gem
400 2813 525 2878 sanguine
550 2827 730 2876 conspersum,
753 2821 782 2862 et
806 2811 851 2860 rix
870 2810 964 2860 Oresio
977 2811 1095 2863 Cathaeoa
1109 2812 1232 2862 Diodoro.
1263 2815 1411 2880 Praesidae]

304 2878 402 2928 mentis
416 2888 574 2943 compotem,
586 2880 700 2929 belluam
719 2881 744 2928 in
760 2877 849 2942 sugam
870 2877 963 2929 Curtio
980 2879 1152 2930 Parrhasiou.·
1174 2879 1208 2928 Hi
1221 2893 1315 2932 omnes
1327 2883 1412 2949 populi

304 2947 436 3002 concitata
457 2947 514 3005 aed,
532 2947 596 2996 tium
614 2948 708 3005 Porus,
726 2953 850 3011 gravatus
868 2942 948 3010 juata
963 2947 1033 3010 ripas
1052 2946 1192 3014 Hydraotis
1205 2954 1234 2998 et
1245 2947 1365 3014 Hypasis
1378 2953 1412 3002 br·

303 3013 377 3071 telis,
389 3013 522 3063 laberetur
538 3029 573 3062 ex
589 3013 687 3073 bellur,
698 3012 743 3064 ille
760 3025 849 3080 regem
873 3011 995 3063 bitabant.

304 3079 468 3130 descendere
488 3079 556 3132 velle
575 3087 658 3138 ratus,
678 3093 750 3130 more
771 3080 850 3130 solito
904 3079 920 3128 8
947 3077 1133 3146 Gangaridae]
1153 3080 1323 3148 Gangaridas
1343 3090 1411 3135 vocat

304 3148 473 3211 elephantem
486 3145 659 3214 procumbere
673 3145 755 3214 jussit
767 3147 791 3198 in
806 3163 850 3214 ge·
871 3145 978 3196 Diodor.
994 3147 1046 3198 Sed
1057 3147 1205 3200 Alexander
1215 3164 1261 3200 cos
1275 3163 1331 3202 non
1341 3153 1410 3203 vicit:

303 3229 369 3269 nnat
388 3215 439 3274 qui,
451 3220 482 3263 ut
493 3229 521 3264 se
533 3211 667 3274 submisit,
679 3214 767 3266 enter-i
786 3229 850 3280 quo·
870 3213 913 3275 qui
926 3213 1030 3264 scilicet
1043 3215 1114 3266 ultra
1125 3218 1242 3281 Gangem
1257 3216 1409 3270 habitarent.

303 3295 365 3344 que,
378 3280 415 3328 ita
431 3281 500 3328 enim
513 3287 588 3330 erant
600 3279 727 3342 manituti,
739 3281 848 3331 demise·
903 3282 920 3330 9
936 3282 1008 3332 Curia
1020 3299 1108 3340 merem,
1118 3280 1187 3344 talo]
1201 3285 1344 3346 Superatis
1355 3289 1411 3334 Act-

303 3361 332 3394 re
344 3359 455 3408 corpora
467 3347 493 3395 in
505 3356 614 3397 terram:
633 3363 690 3414 quae
702 3363 745 3398 res
754 3357 784 3398 et
802 3352 848 3398 Po·
869 3348 925 3396 sine
934 3356 961 3397 et
971 3349 1103 3413 ilydraote
1113 3348 1211 3410 fluviis,
1219 3350 1410 3411 Cathaeosvicit,

302 3427 361 3462 rum
379 3420 407 3462 et
424 3412 495 3464 illius
514 3413 596 3465 duces
616 3415 734 3470 tradidit,
745 3415 851 3466 victuri·
869 3424 925 3464 tum
938 3415 1076 3466 contendit
1088 3417 1122 3466 ad
1135 3417 1269 3482 Hypasim.

293 3477 360 3528 'bus¹
394 3480 436 3528 Ita
448 3481 555 3540 Curtius.
578 3543 581 3548 .
606 3492 608 3496 '
903 3482 935 3530 10
955 3485 999 3532 Ad
1020 3481 1153 3548 Cupitum]
1175 3484 1240 3542 Rem
1261 3482 1345 3536 allier
1365 3501 1411 3536 nar·

336 3547 393 3599 lla
410 3563 512 3612 regnum
530 3547 646 3611 remisit]
669 3552 736 3598 Eum
757 3549 847 3608 etiarn,
868 3555 927 3599 rant
938 3550 1046 3600 Diodor.
1057 3550 1160 3599 Arrian.
1173 3557 1202 3598 et
1213 3551 1336 3604 Curtius.
1362 3556 1411 3604 eu·

302 3611 411 3663 domitis
443 3614 534 3665 multis
568 3617 701 3680 gentibus,
721 3616 846 3681 ampliore
869 3615 917 3664 tris
928 3615 962 3666 ad
976 3616 1102 3682 Hypasim
1118 3616 1224 3681 positis,
1236 3616 1410 3687 interrogatus

302 3693 384 3745 regno
398 3679 511 3731 donavit.
536 3703 537 3708 =
868 3682 1063 3735 uhhlexandro
1084 3683 1212 3750 Phegeus,
1223 3699 1348 3749 quaenam
1360 3701 1411 3754 geu·

336 3749 353 3795 5
375 3746 511 3812 Nireum]
542 3749 609 3800 Urbs
634 3749 713 3818 hujus
737 3749 847 3800 nominis
869 3750 992 3800 tes'ultra
1008 3749 1104 3804 flumen
1118 3748 1284 3804 babitarent
1302 3755 1410 3819 Respue-

302 3814 444 3882 tnnltiplex
456 3843 459 3848 ·
470 3816 532 3875 lint,
553 3832 664 3881 quatum
687 3817 848 3872 nobilissima
868 3818 917 3878 dit,
929 3825 1015 3868 saetas
1024 3831 1083 3868 esse
1093 3815 1232 3870 duodecim
1242 3817 1351 3872 dierum
1362 3819 1411 3870 soli·

302 3881 460 3938 saturniam
476 3883 614 3948 Bnnyniae.
649 3884 725 3934 Illam
743 3883 778 3934 de
793 3885 847 3948 quir
869 3883 1039 3944 tudines,eas
1050 3885 1173 3944 excipere
1186 3886 1320 3952 Gangem,
1329 3886 1411 3938 uitari·

301 3949 347 4006 hic
365 3949 595 4014 agitur,conditlit
610 3950 762 4000 Alexander
779 3951 847 3998 inter
869 3965 927 4000 ores
953 3952 1024 4013 ripas
1053 3949 1167 4000 incolere
1193 3953 1372 4019 Gangaridas,
1391 3961 1428 4014 et¹

302 4016 452 4083 Hydaspem
464 4024 493 4066 et
506 4019 653 4075 Acesinum.
666 4065 669 4070 ,
870 4015 1187 4081 Parrhasiosteorumque
1197 4033 1291 4084 regem
1303 4023 1411 4072 Xandra·

335 4085 352 4133 6
369 4083 544 4148 Bucephalam]
565 4088 666 4140 Nomen
688 4082 729 4131 illi
750 4081 847 4130 indidit
868 4097 937 4144 men,
952 4099 1013 4134 cum
1031 4083 1123 4147 viginti
1144 4082 1262 4136 millibus
1278 4091 1411 4153 equitum,

301 4149 460 4210 Alexander,
472 4151 503 4199 ab
515 4165 584 4216 equo
595 4165 651 4206 ano,
661 4151 707 4214 qni
720 4153 748 4196 et
758 4148 846 4214 capite
867 4149 989 4205 ducentis
1010 4147 1129 4213 peditum
1151 4151 1256 4202 duobus
1278 4170 1411 4212 curruum,

301 4217 677 4282 etnumineliucepbalost'uit.
693 4213 786 4266 Charis
797 4224 847 4266 tes·
868 4217 954 4268 tribus
971 4217 1178 4280 elephantorum,
1201 4219 1258 4270 tius
1278 4223 1411 4274 obsideret

301 4291 374 4332 tatur
400 4285 474 4334 illum
496 4293 614 4348 emptum
635 4283 719 4335 luisse
737 4283 845 4357 taleptis
867 4286 964 4349 quibus
980 4282 1069 4340 ¹territi
1086 4286 1185 4338 milites
1199 4286 1322 4346 reditum
1338 4293 1368 4344 in
1380 4303 1413 4358 pr·

302 4349 351 4400 134
378 4361 406 4402 et
432 4353 491 4414 regi
521 4351 644 4418 Philippo
668 4352 803 4411 donatum,
830 4349 847 4399 1
868 4352 943 4404 triam
955 4360 1104 4415 precantur,

301 4415 436 4469 Philouieo
450 4420 587 4472 Thessalo.
622 4421 688 4472 Cum
697 4433 759 4472 eum
771 4433 845 4472 nemo
886 4453 889 4458 -
