2886 4906
691 194 693 200 ¹
720 216 907 324 Jusrrur'

262 411 429 496 utrobique
450 411 558 478 sedata
579 424 638 488 est,
651 409 727 476 ciam
748 411 837 475 alteri
860 409 1089 494 magnificentii
1096 409 1192 476 alteri
1206 409 1384 478 velocitate.

262 503 439 566 certissent'.
483 497 676 581 Recuperati
688 498 829 574 sanitate,
837 519 899 560 non
908 499 963 560 diu
977 497 1198 562 Crotonienses
1209 497 1378 580 quievere.

264 575 386 668 Itaque,
402 583 597 668 indignantes
612 588 643 646 in
659 585 887 667 oppugnatione
903 583 981 660 Siris
997 584 1150 648 auxilium
1165 599 1272 650 conus
1287 607 1323 648 se
1342 583 1377 648 ’ὲ

262 669 473 740 Locrensibus
498 671 607 746 latum,
627 671 743 734 bellum
768 669 817 732 his
839 669 1032 733 intulerunt:
1057 668 1133 746 Quo
1157 686 1245 734 metu
1268 672 1377 736 territi

189 753 194 766 ’
263 761 437 823 Locrenses
452 757 492 818 ad
510 755 676 849 Spartanos
701 753 894 822 decurrunt:
920 757 1072 820 auxilium
1088 755 1244 840 supplices
1258 757 1377 840 depre-

262 859 381 908 cantur.
404 841 469 904 *Illi
485 842 654 924 longinqua
677 841 790 909 militia
812 842 943 922 gravati,
967 843 1119 909 auxilium
1139 837 1172 904 ’ὲ
1192 841 1327 907 Castore
1344 857 1378 908 et

263 931 390 997 Polluce
402 944 506 1012 petere
518 949 572 990 eos
583 929 706 1011 jubent.
752 927 867 1009 Neque
881 928 975 1011 legati
986 949 1170 1011 responsum
1181 927 1276 992 sociae
1286 929 1375 1005 urbis

261 1017 466 1099 spreverunt:
483 1013 676 1096 profectique
692 1015 724 1079 in
738 1014 919 1096 proximum
934 1016 1097 1098 templum,
1109 1014 1192 1078 facto
1206 1015 1376 1096 sacrificio,

262 1103 415 1166 auxilium
426 1099 557 1165 deorum
573 1100 749 1182 implorant.
810 1097 825 1138 Β
839 1099 968 1174 ³Litatis
981 1099 1103 1179 hostiis,
1117 1099 1324 1183 obteuttique,
1338 1115 1372 1166 ut

252 1185 417 1260 rebantur,
439 1187 525 1270 quod
549 1187 704 1268 petebant,
724 1185 808 1248 haud
824 1207 914 1250 secus
934 1187 1121 1270 laeti,qi1am
1140 1188 1168 1250 si
1192 1187 1272 1250 deos
1289 1189 1373 1272 ipsos

260 1295 367 1336 secum
384 1270 522 1336 avecturi
537 1285 662 1344 essent3
686 1272 860 1354 pulvinaria
875 1271 914 1334 iis
933 1273 967 1336 in
981 1276 1053 1336 navi
1076 1289 1280 1357 componunt,
1306 1273 1374 1338 fau·

261 1356 382 1442 erisque
395 1355 526 1440 profecti
542 1356 710 1432 ominibus,
724 1357 833 1420 solatia
848 1359 913 1422 suis
928 1377 984 1442 pro
1000 1359 1125 1424 auxiliis
1140 1360 1319 1442 deportant.

106 1441 244 1522 mliii·
303 1443 407 1508 CAP.
425 1441 492 1503 Ill.
510 1441 571 1504 His
591 1441 735 1526 cognitis,
750 1440 971 1513 Crotonienses
987 1459 1019 1508 et
1033 1446 1092 1528 ipsi
1109 1447 1231 1530 legatos
1243 1447 1287 1510 ad
1303 1467 1374 1512 ora·
1430 1507 1431 1516 ,

102 1507 364 1622 gwfflcolum
382 1525 524 1610 Delphos
538 1527 676 1602 mittunt,
692 1527 829 1592 victoriae
844 1526 1034 1602 facultatem,
1049 1528 1186 1613 bellique
1204 1551 1374 1616 prosperos
1430 1601 1432 1630 ἦ

103 1640 172 1696 beda.
260 1623 391 1680 eventus
406 1613 616 1696 deprecantes.
662 1612 872 1695 Responsum,
881 1611 977 1698 priris
990 1618 1069 1678 votis
1083 1619 1300 1702 hostesqudm
1318 1643 1375 1684 ar·
1431 1635 1432 1642 ’

258 1705 318 1766 mis
329 1699 499 1764 vincendos.
524 1699 610 1776 Cdm
621 1701 780 1764 vovissent
793 1699 934 1782 Apollini
945 1701 1084 1766 decimas
1095 1703 1217 1786 praedae,
1229 1705 1374 1770 Locren·

258 1812 309 1852 ses
323 1804 355 1850 et
369 1802 442 1850 voto
461 1786 613 1869 hostium,
627 1799 659 1848 et
682 1783 829 1868 responso
853 1784 905 1848 dei
930 1789 1067 1871 cognito,
1080 1811 1177 1852 nonas
1201 1792 1375 1874 voverunt,

258 1876 448 1955 tacitamque
468 1877 539 1934 eain
561 1892 629 1934 rem
651 1870 802 1950 habuere,
824 1894 862 1934 ne
887 1872 968 1934 votis
992 1875 1200 1955 vincerentur·
1246 1877 1373 1962 Itaque,

259 1981 332 2024 cum
353 1962 400 2022 ⁴iu
423 1957 523 2020 aciem
545 1959 779 2040 processissent,
805 1971 837 2018 et
863 1955 1086 2024 Crotonienses
1109 1975 1235 2026 centum
1259 1966 1376 2050 viginti

127 2087 130 2094 ‚
178 2109 180 2116 ,
258 2045 355 2129 millia
371 2055 562 2106 armatorum
576 2045 796 2117 constitissent,
811 2043 986 2106 Locrenses
1001 2047 1189 2128 paucitatem
1205 2071 1299 2117 suam
1312 2055 1372 2118 eir·

259 2128 499 2211 cumspicientes
519 2127 606 2212 (narn
621 2129 687 2191 sola
710 2127 890 2210 quindecim
914 2129 1013 2206 millia
1039 2132 1173 2196 militum
1199 2135 1373 2225 habebant)

240 2212 373 2279 *omissi
393 2233 448 2296 spe
469 2213 618 2291 victoriae,
639 2214 672 2275 iu
693 2213 879 2278 destinatam
901 2231 1035 2280 mortem
1057 2221 1257 2302 conspirant;
1290 2234 1381 2300 ‘tans

256 2316 370 2384 tueque
382 2300 475 2362 ardor
489 2319 530 2362 ex
543 2299 758 2384 desperatione
770 2301 1015 2388 singuloscepit‚
1026 2318 1061 2367 ut
1076 2305 1212 2370 victores
1226 2329 1262 2370 se
1279 2329 1373 2394 pun.

257 2404 337 2464 rent,
350 2377 377 2449 si
392 2405 453 2448 uon
469 2383 558 2449 inulti
575 2400 779 2450 morerentur.
803 2385 866 2450 Sed
882 2387 958 2452 dum
974 2392 1054 2453 mori
1069 2389 1200 2457 honesti
1215 2415 1373 2480 quaerunt,

256 2473 398 2543 feliciter
409 2471 573 2536 vicerunt:
591 2471 662 2536 Nec
677 2473 737 2536 alia
749 2479 842 2538 causa
857 2472 994 2539 victoria
1008 2471 1080 2554 fuit,
1095 2475 1191 2560 quim
1205 2481 1298 2563 qurid
1315 2487 1371 2550 de·

256 2561 471 2644 speraverunt.
510 2558 723 2642 Pugnantibus
735 2559 861 2637 Locris,
875 2562 1045 2645 ⁵aquila·ab
1059 2565 1126 2628 acie
1140 2585 1307 2652 nunquam
1322 2595 1371 2636 re·

256 2647 360 2726 cessit,
376 2643 494 2726 eisque
509 2645 641 2710 tamdiu
655 2645 903 2726 circumvolavit,
917 2649 1023 2730 quoad
1036 2649 1207 2718 vincerent.
1242 2655 1285 2720 lu
1300 2679 1370 2726 cor·

628 2835 631 2842 ¹
660 2843 958 2906 INTERPRETATIO.

288 3026 305 3060 s
315 3011 358 3062 Illi
368 3013 473 3063 nabatea
487 3027 577 3076 gerere
589 3013 674 3063 bellum
686 3011 713 3066 in
730 3013 800 3082 regi·
822 3031 876 3068 mm
884 3019 940 3066 dena
951 3020 1024 3083 ipsos.

253 3094 304 3130 une
317 3081 458 3144 tangemur.
646 3123 651 3134 .
853 3099 869 3134 c
891 3086 1039 3150 Desperatio
1061 3089 1130 3138 dedit
1151 3092 1259 3154 ring-olle
1275 3105 1373 3148 ram„

253 3149 256 3153 ’
288 3145 383 3197 bCum
403 3145 799 3211 putarent,imrnolotieoictinaie,
820 3154 953 3202 αιιάαοίιιηι
975 3151 1001 3202 in
1023 3153 1122 3218 praelio,
1142 3167 1170 3206 ιιι
1194 3163 1328 3216 crederent
1348 3184 1372 3218 ee

232 3213 234 3219 ’
246 3230 280 3278 se
288 3215 418 3264 obtinuisse
429 3216 495 3276 quod
498 3213 622 3275 peteteret,
635 3224 684 3270 tam
693 3219 743 3266 leti
756 3233 797 3268 re·
820 3221 949 3268 victomom
967 3220 1064 3284 referre
1076 3225 1143 3274 modo
1158 3239 1325 3296 morerentur,
1336 3251 1372 3286 οι.

254 3279 368 3342 dierunt,
377 3279 449 3345 pedm
461 3283 483 3330 si
494 3288 620 3343 reportare
632 3284 747 3334 deberent
763 3301 800 3334 se·
822 3287 879 3336 ciria
891 3288 972 3337 multis
981 3289 1093 3339 barabae.

659 3459 663 3462 -
747 3417 861 3487 nora.

286 3582 301 3632 1
311 3585 337 3632 d
348 3585 530 3650 Locrensibus]
547 3587 569 3636 Ε
581 3585 681 3638 Graecil
693 3587 797 3640 oriundi
852 3583 868 3642 Β
879 3591 972 3644 Litoris
983 3593 1088 3658 lmine]
1108 3598 1196 3649 Litore
1208 3605 1254 3651 est
1264 3603 1371 3659 reniam

251 3649 285 3701 ab
296 3650 474 3714 Epizephiriis
489 3661 518 3703 et
530 3654 640 3715 Ozoliis,
652 3655 742 3722 Ajacis
753 3657 798 3706 0i·
819 3649 867 3722 per
877 3659 1005 3710 sacrificia
1015 3661 1165 3726 impetrare,
1173 3664 1293 3728 victimis
1306 3671 1371 3726 fati.

251 3717 288 3768 lei
300 3716 452 3780 comitibus,
488 3735 581 3770 uorum
591 3721 631 3771 illi
642 3732 797 3788 tempestate
818 3739 877 3776 cem
888 3725 990 3776 exitum
1001 3729 1194 3782 addicentibus.

251 3785 307 3836 acti
330 3784 449 3848 Brutios,
468 3735 503 3839 isi
524 3789 688 3854 Pentapolim
705 3792 797 3844 tenue·
851 3795 869 3844 4
888 3795 919 3843 tn
938 3794 1039 3860 aciem]
1064 3797 1109 3848 nd
1128 3800 1237 3866 Sagram
1254 3800 1371 3858 fluvium

251 3861 321 3902 runt.
482 3919 485 3926 .
699 3873 702 3882 ·
817 3867 1026 3926 pugnatumest:
1039 3865 1127 3930 quoin
1139 3866 1228 3930 praelio
1242 3870 1294 3922 130
1307 3875 1372 3925 Cro·

285 3919 340 3972 Μ
354 3920 456 3970 Castore
464 3929 488 3970 et
498 3919 623 3986 Polluce]
636 3927 741 3974 Fratres
752 3939 797 3989 ge·
818 3927 976 3978 toniensium
989 3931 1073 3980 millia
1083 3940 1111 3984 et
1119 3932 1212 3983 decem
1224 3937 1371 3996 locrensi·

251 3985 324 4048 mini,
337 3987 382 4052 qui
393 3987 592 4053 et'Tyndaridae
601 3985 735 4052 dicuntur,
745 3993 796 4040 He·
818 4007 860 4042 um
875 4004 995 4046 numerat
1008 3999 1104 4048 Strabo.
1137 4001 1213 4052 Unde
1226 4001 1298 4056 illud
1310 4023 1370 4072 pm.

249 4047 324 4104 lenes
334 4061 363 4104 et
378 4054 580 4122 Clytaemnestra
598 4055 703 4108 fratres.
715 4084 724 4112 r
736 4057 796 4106 Fin-
816 4058 936 4118 verbiutn
949 4062 977 4112 in
988 4063 1147 4125 derogantes
1163 4067 1309 4136 rei'fidem,
1319 4092 1371 4126 m.

249 4128 318 4184 gunt
334 4123 430 4181 Polite,
447 4129 552 4172 mortuo
569 4124 690 4185 Castore,
709 4124 795 4174 Pollu·
817 4129 881 4176 rime
892 4145 943 4180 erae
955 4130 1027 4193 quim
1038 4131 1081 4182 illi
1095 4137 1166 4200 oprrd
1175 4135 1305 4202 Sagram.-
1324 4157 1371 4198 eu.

247 4199 307 4238 cem
319 4187 465 4239 obtinuisse
483 4189 583 4248 tiore,
596 4200 626 4238 ιιι
643 4188 795 4241 immortali·
812 4192 859 4262 jus
872 4197 990 4246 meminit
999 4197 1100 4248 Cicero.

247 4258 328 4307 tatem
341 4269 413 4305 suani
423 4269 483 4306 cum
495 4255 555 4321 ipso
565 4257 659 4320 partiri
672 4257 721 4324 ipsi
733 4249 794 4310 lice·
849 4262 989 4327 quriida]
1007 4265 1034 4312 Si
1048 4263 1147 4318 dextri
1162 4275 1238 4334 perte
1253 4273 1370 4336 volaret,

170 4323 173 4330 ’
246 4323 306 4396 ιειι
321 4331 408 4395 ,quare
425 4323 527 4374 vicibus
546 4323 656 4390 alternis
674 4325 741 4382 mori
764 4334 793 4390 et
809 4328 910 4392 patulis
922 4329 972 4380 elis
983 4338 1170 4401 perstreperet,
1180 4351 1259 4392 omen
1269 4339 1370 4396 felicis

244 4395 403 4458 reviviscere
415 4391 562 4447 traduntur.
814 4395 1074 4472 eritilueellomero.
