2906 4902
130 294 192 354 soa
291 376 294 382 Ι
444 338 454 346 .
736 263 920 368 Jusrrur

284 469 446 535 structum,
460 458 540 522 mirri
554 458 667 522 virtute
687 455 853 540 pugnavit:
873 454 913 518 ad
927 462 1118 538 postremum
1137 450 1183 516 ¹in
1202 449 1393 516 societatem

279 544 313 626 ej
318 565 352 604 us
368 559 543 630 assumptus
558 559 615 606 est.
658 543 785 606 Tertius
801 539 922 604 Parthis
935 559 992 606 rex
1007 537 1182 623 Priapatiut
1195 536 1270 615 fuit,
1282 538 1345 600 sed
1359 553 1391 601 ct

239 699 242 706 Δ
282 628 350 710 ipse
367 627 502 692 Arsaces
518 629 629 696 dictus.
654 628 839 702 Nam,sicut
854 625 1081 706 supradictum
1096 639 1279 700 estonum
1295 643 1394 708 reges

283 725 360 776 suos·
378 712 438 775 hoc
460 715 594 791 nomine,
609 715 700 776 sicuti
722 713 853 776 Romani
876 711 1012 774 Cesarea
1033 708 1251 792 Agustosque,
1269 729 1387 792 cogno.

283 799 453 862 mirarere.
479 799 553 873 llic,
569 800 644 862 actis
657 802 687 861 in
703 820 798 880 regno
812 795 992 879 quindecim
1002 795 1100 873 annis,
1111 794 1257 872 decessit,
1268 794 1389 862 relictis

226 929 234 938 .
283 885 406 948 duobus
421 885 502 962 liliis,
518 883 705 948 Mithridate
726 900 758 946 et
773 884 1076 964 Phraateaquorum
1100 879 1201 966 major
1221 879 1388 959 Phraates,

283 978 371 1033 more
394 971 504 1053 gentis,
523 971 617 1034 haeres
639 972 727 1052 regni
750 969 892 1044 Mardos,
910 967 1045 1030 validam
1064 981 1200 1050 gentem,
1221 965 1307 1029 bello
1330 966 1386 1029 do-

283 1056 384 1130 muit;
400 1077 456 1118 nec
472 1055 572 1120 mulrb
588 1057 659 1138 pbst
671 1055 814 1132 decessit,
825 1053 933 1118 maltis
944 1051 1014 1116 tiliis
1029 1051 1162 1128 relictis5
1178 1050 1295 1133 quibus
1309 1069 1386 1135 pra·

282 1142 394 1217 teritis,
409 1141 495 1206 fratri
512 1140 711 1226 potissimum
728 1139 917 1216 Mithridati,
931 1137 1060 1220 insignis
1073 1135 1199 1200 uirtutis
1214 1136 1298 1214 viro,
1313 1139 1385 1208 reli·

233 1289 237 1319 Ι
283 1228 351 1309 quit
368 1227 556 1311 imperium3
578 1230 647 1311 plus
670 1227 767 1308 regio,
782 1221 873 1308 quim
893 1223 994 1308 patrio
1009 1223 1115 1286 deberi
1136 1221 1257 1286 nomini
1278 1236 1384 1298 ratus3

282 1312 449 1396 portusque
465 1316 582 1394 patria,
597 1309 690 1394 quim
706 1313 810 1376 liberis
825 1309 1059 1386 consulendum·
1241 1319 1243 1321 ’

122 1399 270 1460 Euroram
325 1397 428 1461 CAP.
444 1399 525 1463 VII.
544 1397 667 1466 Eodem
683 1394 782 1460 ferme
798 1413 944 1479 ternpore,
957 1395 1048 1472 sicuti
1063 1393 1095 1462 in
1112 1391 1237 1458 Parthis
1253 1392 1384 1458 Mithri·

124 1485 254 1538 '⁰⁸3⁶³²⁶‘·
282 1482 379 1556 dates,
389 1485 431 1549 ita
443 1483 474 1546 in
489 1485 611 1546 Bactris
624 1483 820 1558 Euocatides,
830 1481 933 1564 magni
943 1494 1073 1562 uterquc
1084 1481 1145 1542 riri
1156 1497 1253 1563 regna
1264 1479 1383 1545 incunt.

123 1541 357 1657 fflfflmffied
378 1567 561 1632 Parthorum
577 1567 699 1631 fortuna
715 1566 842 1644 felicior,
854 1569 894 1628 ad
906 1585 1080 1641 summurn,
1094 1565 1154 1630 hoe
1173 1565 1267 1643 duce,
1283 1564 1383 1650 impe·

123 1641 272 1726 ausari),
282 1652 319 1716 rii
335 1651 495 1736 fastigium
510 1675 564 1716 eos
579 1653 736 1736 perduxit.
772 1652 925 1716 Bactriani
941 1665 1044 1715 autem
1056 1673 1112 1736 per
1126 1650 1213 1714 varia
1224 1653 1305 1714 bella
1317 1652 1385 1738 jac·

123 1737 266 1792 ⁰¹·149·¹·
281 1739 429 1816 tati,·non
451 1760 583 1824 regnum
606 1737 739 1815 tantum,
756 1736 867 1804 verbm
888 1739 982 1800 etiam
1003 1737 1176 1800 libertatem
1198 1735 1389 1815 amiserunt,

122 1805 267 1928 Ηξξξῗξξ
280 1825 438 1908 siquidem
453 1825 681 1910 Sogdianorum
696 1839 728 1888 et
741 1823 1051 1906 ²Draagaritanorum
1061 1823 1284 1906 ¹Indorumque
1294 1823 1383 1888 bellis

178 1911 183 1923 '
207 1913 212 1924 '
265 1909 411 1995 'fatigati,
426 1909 480 1974 bad
503 1915 694 1990 postremum
715 1912 754 1973 ab
769 1909 999 1974 invalidioribus
1017 1909 1150 1986 Parthis,
1163 1911 1250 1973 velut
1272 1931 1383 1974 exsan»

279 2017 367 2080 gues,
382 1997 520 2080 oppressi
534 2011 613 2074 sunt.
661 1997 767 2058 Multa
780 2011 881 2059 tamen
899 1993 1086 2058 Euoratides
1099 1993 1310 2080 bella‘tnagnd
1324 1995 1384 2059 vir-

279 2097 345 2146 tute
358 2082 465 2164 gessit,
480 2080 592 2162 quibus
608 2081 740 2158 attritus,
752 2079 825 2144 crim
836 2079 1032 2147 obsidionem
1046 2081 1218 2145 ³Dernetrii
1229 2080 1317 2164 regis
1333 2082 1385 2145 lu²

174 2225 176 2232 .
239 2230 241 2234 Α
278 2167 391 2231 domm
406 2181 573 2250 pateretur,
587 2187 659 2230 cum
674 2187 727 2230 ccc
742 2164 900 2244 militibus,
916 2183 959 2230 na
974 2166 1072 2229 millia
1090 2165 1229 2230 hostiurn
1244 2166 1383 2232 assiduis

278 2251 492 2334 eruptionibus
507 2251 592 2314 vicit.
637 2251 758 2327 Quinto
778 2253 880 2336 itaque
902 2271 1008 2314 mense
1030 2251 1337 2332 liberatus,1ndiarn
1355 2253 1386 2316 in

278 2351 462 2422 potestatem
477 2338 617 2420 redegit:
635 2337 717 2402 unde
732 2336 806 2405 clam
818 2360 850 2401 se
861 2339 1021 2420 reciperet,
1033 2334 1051 2400 s
1063 2337 1138 2416 filio,
1150 2357 1246 2421 quem
1259 2339 1384 2404 socium

277 2416 366 2506 regni
380 2421 506 2502 fecerat,
520 2424 552 2486 in
567 2423 677 2488 itinere
692 2423 872 2490 interficitur
884 2447 893 2486 r
911 2425 966 2506 qui
981 2439 1048 2486 non'
1057 2423 1255 2490 dissimulato
1268 2423 1381 2510 parici-

278 2509 344 2585 dio,
351 2510 437 2574 velut
445 2511 577 2588 hostem,
585 2531 645 2575 aon
658 2524 776 2593 patrem
786 2509 997 2585 interfecisset,
1007 2524 1037 2572 ct
1047 2531 1104 2594 per
1114 2511 1301 2594 sanguinem
1313 2510 1381 2595 ejas

278 2615 403 2660 currum
416 2598 492 2680 egit,
506 2611 536 2659 et
548 2617 659 2679 corpus
674 2595 766 2682 abjici
777 2591 963 2679 insepultum
974 2594 1080 2679 jussit.
1114 2597 1203 2660 Dum
1213 2595 1281 2659 haec
1296 2597 1381 2680 apud

278 2679 408 2747 Bactros
419 2698 578 2763 geruntur,
588 2681 711 2745 interim
728 2684 807 2744 inter
821 2681 945 2746 Parthos
958 2697 989 2744 et
1003 2681 1122 2746 Medos
1136 2681 1253 2747 bellum
1267 2682 1380 2747 oritur.

279 2765 364 2828 Cirm
378 2767 482 2830 rarius
492 2767 651 2848 utriusque
661 2767 766 2852 populi
781 2787 868 2830 casua
883 2765 1004 2846 fuisset,
1017 2768 1058 2830 ad
1073 2782 1264 2851 postremum
1280 2769 1382 2831 victo·

276 2855 324 2914 ria
339 2873 433 2936 penes
447 2850 576 2916 Parthos
591 2853 662 2924 fuit.
697 2853 760 2914 His
774 2850 893 2914 viribus
905 2867 1013 2916 auctus
1027 2851 1243 2930 Mithridates,
1256 2851 1384 2918 Medic

279 2936 411 3000 Bacasis
426 2937 591 3020 praeponit:
615 2937 727 3020 ipsein
744 2935 933 3019 Hyrcaniam
956 2937 1170 3024 proficiscitur.
1214 2939 1312 3004 Unde
1329 2959 1382 3002 re·

276 3042 397 3098 versus,
411 3025 526 3086 bellum
547 3040 619 3086 cum
633 3021 858 3105 ⁴Elymaeorum
879 3045 953 3108 rege
973 3025 1088 3108 gessit:
1112 3045 1176 3106 quo
1190 3025 1380 3108 uicto,hanc

275 3127 401 3189 quoque
414 3125 537 3192 gentem
554 3129 651 3190 regno
666 3107 799 3191 adjecit;
815 3108 1041 3193 imperiumque
1058 3109 1246 3177 Parthorum
1261 3106 1380 3174 dmon-

277 3213 307 3254 rc
322 3193 472 3272 Caucaso,
482 3193 587 3259 multis
602 3195 723 3278 populis
738 3195 930 3258 inditionem
946 3195 1091 3272 redactis,
1099 3217 1199 3280 usque
1212 3197 1255 3260 sd
1264 3195 1380 3261 flumen

277 3277 470 3364 Euphratem
486 3279 623 3360 protulit.
669 3279 777 3362 Atque
799 3280 842 3343 ita
854 3282 991 3345 ⁴adversi
1010 3281 1187 3346 valetudine
1207 3295 1379 3368 correptus,

276 3383 337 3426 non
352 3365 454 3436 minor
467 3364 586 3428 Arsace
601 3377 728 3448 proavo,
740 3367 872 3449 gloriosi
884 3381 1039 3432 senectute
1051 3367 1185 3432 decedit.

676 3497 973 3550 INTERFBET'ATIO.
989 3527 993 3532 ·

309 3606 385 3654 nSeal
393 3603 643 3670 virtrrairtnti-Regr's,
653 3605 760 3670 fhrtund
770 3607 814 3671 su·
868 3607 885 3656 b
905 3609 1019 3672 Denique
1035 3579 1129 3658 Parthi
1145 3607 1230 3674 magis
1243 3623 1280 3659 ao
1299 3607 1380 3675 magis

274 3682 353 3730 vente,
366 3667 610 3725 enesitf'urthosad
619 3689 732 3724 meramors
743 3677 815 3739 impe·
839 3673 921 3725 indies
940 3678 1114 3728 invalescentes
1136 3682 1311 3742 oppressemmt
1331 3681 1382 3728 illst

274 3742 463 3814 tripotestatehr.
553 3751 556 3756 ·
611 3771 630 3776 --
830 3741 1014 3806 fractrshellir.

763 3823 878 3874 NOTAE.

306 3900 362 3951 lla
374 3903 508 3963 andreatem
518 3898 594 3968 ejun]
604 3905 658 3953 Parc
668 3903 739 3953 enim
748 3903 814 3953 inter
866 3905 882 3955 3
894 3901 1039 3970 Demetrii]
1063 3903 1115 3963 Qui
1134 3901 1296 3970 Euthydemi
1316 3907 1382 3957 Bao·

271 3983 318 4020 ens
328 3969 362 4018 ea
374 3966 433 4033 lege
443 3969 511 4018 inita
521 3970 572 4028 est,
583 3977 613 4019 ut
626 3973 749 4026 Arsaces,
762 3967 813 4018 unia
835 3970 975 4023 trinnorum
986 3971 1078 4038 Regis,
1089 3971 1124 4022 dc
1140 3987 1194 4038 quo
1208 3965 1298 4039 cupri,
1310 3969 1383 4025 filius

271 4049 332 4086 cum
345 4034 485 4093 Antiocho,
498 4033 595 4086 bellum
606 4042 713 4102 gereret
727 4036 754 4084 in
763 4037 815 4084 Eu·
835 4035 892 4087 suit
1015 4073 1021 4088 -.
1063 4042 1065 4046 '

270 4103 423 4166 thydemum
435 4100 631 4150 Bactrianorum
646 4103 756 4168 Regem,
767 4103 812 4166 qui
865 4102 1073 4170 wimarum]
1094 4107 1167 4162 Quos
1180 4104 1268 4158 lulius
1280 4106 1381 4158 Pollux

270 4166 358 4218 tamea
374 4167 458 4220 multa
474 4173 535 4232 post
546 4167 735 4234 praeliapacenr
755 4183 814 4220 con·
835 4169 1065 4238 ister-Hyrcaniam
1083 4173 1308 4224 etBactrianaum
1328 4173 1382 4225 ool·

269 4235 357 4284 cessit
377 4271 380 4278 .
434 4273 439 4286 ,
835 4239 916 4296 locata
930 4239 1040 4292 'resitue
1051 4237 1124 4291 circa
1133 4241 1294 4300 Armeniam,
1307 4241 1380 4292 eirca

304 4299 597 4368 2Drnngort'taaornrrt]
616 4303 707 4354 Scribe
729 4305 813 4355 Dran·
834 4305 965 4356 Smianam
977 4305 1076 4357 strabo.
1110 4309 1177 4358 Sunt
1188 4307 1280 4373 pepuli
1292 4307 1379 4362 Persi·

267 4369 413 4480 gq'aaorum
431 4369 480 4421 sed
491 4373 580 4436 potius
594 4373 629 4420 e'x
638 4371 738 4424 Gratia
747 4374 814 4422 alra-
835 4373 884 4435 dia,
897 4389 947 4425 non
958 4373 1050 4442 procul
1062 4371 1078 4424 d
1090 4374 1233 4441 Persepoli.

272 4446 285 4480 e
301 4441 398 4482 ararum.
480 4440 484 4446 '
502 4437 505 4444 '
1162 4447 1165 4454 '
