<?xml version="1.0" encoding="UTF-8"?>
<!DOCTYPE html PUBLIC "-//W3C//DTD XHTML 1.0 Transitional//EN"
    "http://www.w3.org/TR/xhtml1/DTD/xhtml1-transitional.dtd">
<html xmlns="http://www.w3.org/1999/xhtml" xml:lang="en" lang="en">
 <head>
  <title>
</title>
<meta http-equiv="Content-Type" content="text/html;charset=utf-8" />
  <meta name='ocr-system' content='tesseract 3.04.00' />
  <meta name='ocr-capabilities' content='ocr_page ocr_carea ocr_par ocr_line ocrx_word'/>
</head>
<body>
  <div class='ocr_page' id='page_1' title='image "./justinusdehisto00bonggoog_0239.png"; bbox 0 0 2886 4906; ppageno 0'>
   <div class='ocr_carea' id='block_1_1' title="bbox 381 293 866 370">
    <p class='ocr_par' dir='ltr' id='par_1_1' title="bbox 381 293 866 370">
     <span class='ocr_line' id='line_1_1' title="bbox 381 293 866 370; baseline -0.01 0"><span class='ocrx_word' id='word_1_1' title='bbox 381 303 472 370; x_wconf 75' lang='lat' dir='ltr'><strong>Lm.</strong></span> <span class='ocrx_word' id='word_1_2' title='bbox 489 293 668 370; x_wconf 69' lang='lat' dir='ltr'><strong>xxvnt.</strong></span> <span class='ocrx_word' id='word_1_3' title='bbox 698 301 801 366; x_wconf 71' lang='lat' dir='ltr'><strong>cAt’.</strong></span> <span class='ocrx_word' id='word_1_4' title='bbox 819 302 866 368; x_wconf 88' lang='lat'><strong>11.</strong></span> 
     </span>
    </p>
   </div>
   <div class='ocr_carea' id='block_1_2' title="bbox 8 471 1339 2614">
    <p class='ocr_par' dir='ltr' id='par_1_2' title="bbox 68 471 1186 1234">
     <span class='ocr_line' id='line_1_2' title="bbox 71 471 1179 558; baseline 0.001 -21"><span class='ocrx_word' id='word_1_5' title='bbox 71 473 185 540; x_wconf 61' lang='lat' dir='ltr'><strong>stiunt</strong></span> <span class='ocrx_word' id='word_1_6' title='bbox 199 474 297 558; x_wconf 82' lang='lat' dir='ltr'><strong>igitur</strong></span> <span class='ocrx_word' id='word_1_7' title='bbox 313 477 440 558; x_wconf 83' lang='lat' dir='ltr'><strong>nuptiae,</strong></span> <span class='ocrx_word' id='word_1_8' title='bbox 456 477 570 558; x_wconf 83' lang='lat' dir='ltr'><strong>quibus</strong></span> <span class='ocrx_word' id='word_1_9' title='bbox 587 489 619 537; x_wconf 88' lang='lat' dir='ltr'><strong>et</strong></span> <span class='ocrx_word' id='word_1_10' title='bbox 640 474 712 536; x_wconf 87' lang='lat' dir='ltr'><strong>novi</strong></span> <span class='ocrx_word' id='word_1_11' title='bbox 729 471 919 552; x_wconf 80' lang='lat' dir='ltr'><strong>matrimonii</strong></span> <span class='ocrx_word' id='word_1_12' title='bbox 935 471 1033 556; x_wconf 84' lang='lat' dir='ltr'><strong>gratia</strong></span> <span class='ocrx_word' id='word_1_13' title='bbox 1046 474 1179 558; x_wconf 86' lang='lat' dir='ltr'><strong>acquiri·</strong></span> 
     </span>
     <span class='ocr_line' id='line_1_3' title="bbox 72 561 1180 642; baseline 0.001 -20"><span class='ocrx_word' id='word_1_14' title='bbox 72 575 136 636; x_wconf 89' lang='lat' dir='ltr'><strong>tur,</strong></span> <span class='ocrx_word' id='word_1_15' title='bbox 148 574 180 624; x_wconf 89' lang='lat' dir='ltr'><strong>et</strong></span> <span class='ocrx_word' id='word_1_16' title='bbox 191 562 306 624; x_wconf 86' lang='lat' dir='ltr'><strong>veteris</strong></span> <span class='ocrx_word' id='word_1_17' title='bbox 317 563 431 624; x_wconf 84' lang='lat' dir='ltr'><strong>offensa</strong></span> <span class='ocrx_word' id='word_1_18' title='bbox 446 561 647 624; x_wconf 82' lang='lat' dir='ltr'><strong>contrahitur.</strong></span> <span class='ocrx_word' id='word_1_19' title='bbox 672 561 758 622; x_wconf 93' lang='lat' dir='ltr'><strong>Nam</strong></span> <span class='ocrx_word' id='word_1_20' title='bbox 773 561 859 642; x_wconf 88' lang='lat' dir='ltr'><strong>prior</strong></span> <span class='ocrx_word' id='word_1_21' title='bbox 874 579 963 633; x_wconf 84' lang='lat' dir='ltr'><strong>uxor,</strong></span> <span class='ocrx_word' id='word_1_22' title='bbox 976 561 1060 620; x_wconf 88' lang='lat' dir='ltr'><strong>velut</strong></span> <span class='ocrx_word' id='word_1_23' title='bbox 1074 562 1180 623; x_wconf 89' lang='lat' dir='ltr'><strong>matri·</strong></span> 
     </span>
     <span class='ocr_line' id='line_1_4' title="bbox 72 643 1180 742; baseline 0 -34"><span class='ocrx_word' id='word_1_24' title='bbox 72 647 181 708; x_wconf 90' lang='lat' dir='ltr'><strong>monio</strong></span> <span class='ocrx_word' id='word_1_25' title='bbox 201 645 298 729; x_wconf 86' lang='lat' dir='ltr'><strong>pulsa,</strong></span> <span class='ocrx_word' id='word_1_26' title='bbox 313 661 420 742; x_wconf 88' lang='lat' dir='ltr'><strong>sponte</strong></span> <span class='ocrx_word' id='word_1_27' title='bbox 436 649 491 710; x_wconf 79' lang='lat' dir='ltr'><strong>sui</strong></span> <span class='ocrx_word' id='word_1_28' title='bbox 507 648 547 710; x_wconf 89' lang='lat' dir='ltr'><strong>ad</strong></span> <span class='ocrx_word' id='word_1_29' title='bbox 562 645 690 714; x_wconf 82' lang='lat' dir='ltr'><strong>fratrem</strong></span> <span class='ocrx_word' id='word_1_30' title='bbox 708 645 903 708; x_wconf 82' lang='lat' dir='ltr'><strong>Antiochum</strong></span> <span class='ocrx_word' id='word_1_31' title='bbox 918 643 1072 718; x_wconf 87' lang='lat' dir='ltr'><strong>discedit;</strong></span> <span class='ocrx_word' id='word_1_32' title='bbox 1094 667 1180 710; x_wconf 86' lang='lat' dir='ltr'><strong>eum-</strong></span> 
     </span>
     <span class='ocr_line' id='line_1_5' title="bbox 73 729 1181 815; baseline -0.001 -21"><span class='ocrx_word' id='word_1_33' title='bbox 73 751 136 812; x_wconf 87' lang='lat' dir='ltr'><strong>que</strong></span> <span class='ocrx_word' id='word_1_34' title='bbox 151 730 183 794; x_wconf 90' lang='lat' dir='ltr'><strong>in</strong></span> <span class='ocrx_word' id='word_1_35' title='bbox 199 733 302 796; x_wconf 88' lang='lat' dir='ltr'><strong>mariti</strong></span> <span class='ocrx_word' id='word_1_36' title='bbox 317 733 432 798; x_wconf 88' lang='lat' dir='ltr'><strong>bellum</strong></span> <span class='ocrx_word' id='word_1_37' title='bbox 448 731 589 815; x_wconf 83' lang='lat' dir='ltr'><strong>impellit.</strong></span> <span class='ocrx_word' id='word_1_38' title='bbox 624 731 804 794; x_wconf 83' lang='lat' dir='ltr'><strong>Acarnanes</strong></span> <span class='ocrx_word' id='word_1_39' title='bbox 821 752 945 814; x_wconf 90' lang='lat' dir='ltr'><strong>quoque</strong></span> <span class='ocrx_word' id='word_1_40' title='bbox 962 729 1055 792; x_wconf 88' lang='lat' dir='ltr'><strong>diffisi</strong></span> <span class='ocrx_word' id='word_1_41' title='bbox 1070 729 1181 812; x_wconf 89' lang='lat' dir='ltr'><strong>Epiro·</strong></span> 
     </span>
     <span class='ocr_line' id='line_1_6' title="bbox 71 815 1184 900; baseline 0 -22"><span class='ocrx_word' id='word_1_42' title='bbox 71 817 125 893; x_wconf 83' lang='lat' dir='ltr'><strong>tii,</strong></span> <span class='ocrx_word' id='word_1_43' title='bbox 143 817 294 892; x_wconf 74' lang='lat' dir='ltr'><strong>adversius</strong></span> <span class='ocrx_word' id='word_1_44' title='bbox 315 816 436 880; x_wconf 82' lang='lat' dir='ltr'><strong>AEtolos</strong></span> <span class='ocrx_word' id='word_1_45' title='bbox 459 817 611 880; x_wconf 84' lang='lat' dir='ltr'><strong>auxilium</strong></span> <span class='ocrx_word' id='word_1_46' title='bbox 636 815 851 880; x_wconf 88' lang='lat' dir='ltr'><strong>Romanorum</strong></span> <span class='ocrx_word' id='word_1_47' title='bbox 873 816 1083 900; x_wconf 82' lang='lat' dir='ltr'><strong>implorantes,</strong></span> <span class='ocrx_word' id='word_1_48' title='bbox 1103 815 1184 878; x_wconf 84' lang='lat' dir='ltr'><strong>obti-</strong></span> 
     </span>
     <span class='ocr_line' id='line_1_7' title="bbox 69 901 1183 984; baseline 0 -22"><span class='ocrx_word' id='word_1_49' title='bbox 69 902 209 965; x_wconf 73' lang='lat' dir='ltr'><strong>nuerunt</strong></span> <span class='ocrx_word' id='word_1_50' title='bbox 224 904 241 963; x_wconf 77' lang='lat' dir='ltr'><strong>i</strong></span> <span class='ocrx_word' id='word_1_51' title='bbox 257 903 400 965; x_wconf 85' lang='lat' dir='ltr'><strong>Romano</strong></span> <span class='ocrx_word' id='word_1_52' title='bbox 422 919 542 977; x_wconf 89' lang='lat' dir='ltr'><strong>senatu,</strong></span> <span class='ocrx_word' id='word_1_53' title='bbox 557 919 592 964; x_wconf 91' lang='lat' dir='ltr'><strong>ut</strong></span> <span class='ocrx_word' id='word_1_54' title='bbox 612 901 706 984; x_wconf 79' lang='lat' dir='ltr'><strong>legati</strong></span> <span class='ocrx_word' id='word_1_55' title='bbox 730 903 937 978; x_wconf 82' lang='lat' dir='ltr'><strong>mitterentur,</strong></span> <span class='ocrx_word' id='word_1_56' title='bbox 951 903 1004 984; x_wconf 90' lang='lat' dir='ltr'><strong>qui</strong></span> <span class='ocrx_word' id='word_1_57' title='bbox 1021 901 1183 964; x_wconf 88' lang='lat' dir='ltr'><strong>denuntia·</strong></span> 
     </span>
     <span class='ocr_line' id='line_1_8' title="bbox 69 985 1186 1076; baseline 0 -29"><span class='ocrx_word' id='word_1_58' title='bbox 69 1003 139 1048; x_wconf 89' lang='lat' dir='ltr'><strong>rent</strong></span> <span class='ocrx_word' id='word_1_59' title='bbox 154 985 278 1060; x_wconf 85' lang='lat' dir='ltr'><strong>AEtolis,</strong></span> <span class='ocrx_word' id='word_1_60' title='bbox 287 989 439 1076; x_wconf 77' lang='lat' dir='ltr'><strong>presidio</strong></span> <span class='ocrx_word' id='word_1_61' title='bbox 453 989 490 1050; x_wconf 85' lang='lat' dir='ltr'><strong>ab</strong></span> <span class='ocrx_word' id='word_1_62' title='bbox 499 989 624 1051; x_wconf 81' lang='lat' dir='ltr'><strong>urbibus</strong></span> <span class='ocrx_word' id='word_1_63' title='bbox 640 987 823 1050; x_wconf 70' lang='lat' dir='ltr'><strong>Acarnania</strong></span> <span class='ocrx_word' id='word_1_64' title='bbox 833 989 1030 1055; x_wconf 77' lang='lat' dir='ltr'><strong>deducerentr</strong></span> <span class='ocrx_word' id='word_1_65' title='bbox 1040 998 1186 1070; x_wconf 85' lang='lat' dir='ltr'><strong>pateren-</strong></span> 
     </span>
     <span class='ocr_line' id='line_1_9' title="bbox 71 1071 1186 1160; baseline 0.001 -27"><span class='ocrx_word' id='word_1_66' title='bbox 71 1084 183 1157; x_wconf 88' lang='lat' dir='ltr'><strong>turqne</strong></span> <span class='ocrx_word' id='word_1_67' title='bbox 193 1095 259 1136; x_wconf 85' lang='lat' dir='ltr'><strong>esse</strong></span> <span class='ocrx_word' id='word_1_68' title='bbox 272 1074 391 1150; x_wconf 86' lang='lat' dir='ltr'><strong>liberos,</strong></span> <span class='ocrx_word' id='word_1_69' title='bbox 406 1075 459 1160; x_wconf 86' lang='lat' dir='ltr'><strong>qui</strong></span> <span class='ocrx_word' id='word_1_70' title='bbox 469 1075 527 1137; x_wconf 89' lang='lat' dir='ltr'><strong>soli</strong></span> <span class='ocrx_word' id='word_1_71' title='bbox 541 1075 689 1159; x_wconf 79' lang='lat' dir='ltr'><strong>quondum</strong></span> <span class='ocrx_word' id='word_1_72' title='bbox 704 1071 853 1136; x_wconf 81' lang='lat' dir='ltr'><strong>adversita</strong></span> <span class='ocrx_word' id='word_1_73' title='bbox 871 1073 1032 1158; x_wconf 85' lang='lat' dir='ltr'><strong>Trojanos,</strong></span> <span class='ocrx_word' id='word_1_74' title='bbox 1046 1084 1186 1136; x_wconf 83' lang='lat' dir='ltr'><strong>auctores</strong></span> 
     </span>
     <span class='ocr_line' id='line_1_10' title="bbox 68 1159 794 1234; baseline 0 -14"><span class='ocrx_word' id='word_1_75' title='bbox 68 1159 205 1234; x_wconf 77' lang='lat' dir='ltr'><strong>originis</strong></span> <span class='ocrx_word' id='word_1_76' title='bbox 219 1180 291 1234; x_wconf 82' lang='lat' dir='ltr'><strong>sure,</strong></span> <span class='ocrx_word' id='word_1_77' title='bbox 305 1159 425 1220; x_wconf 83' lang='lat' dir='ltr'><strong>auxilia</strong></span> <span class='ocrx_word' id='word_1_78' title='bbox 440 1159 630 1231; x_wconf 67' lang='lat' dir='ltr'><strong>Grecis&#39;non</strong></span> <span class='ocrx_word' id='word_1_79' title='bbox 644 1160 794 1220; x_wconf 77' lang='lat' dir='ltr'><strong>miserint.</strong></span> 
     </span>
    </p>

    <p class='ocr_par' dir='ltr' id='par_1_3' title="bbox 65 1239 1339 1676">
     <span class='ocr_line' id='line_1_11' title="bbox 115 1239 1321 1330; baseline -0.002 -24"><span class='ocrx_word' id='word_1_80' title='bbox 115 1239 221 1306; x_wconf 82' lang='lat' dir='ltr'><strong>cAP.</strong></span> <span class='ocrx_word' id='word_1_81' title='bbox 237 1245 284 1306; x_wconf 88' lang='lat'><strong>11.</strong></span> <span class='ocrx_word' id='word_1_82' title='bbox 308 1243 371 1306; x_wconf 88' lang='lat' dir='ltr'><strong>Sed</strong></span> <span class='ocrx_word' id='word_1_83' title='bbox 386 1243 481 1306; x_wconf 88' lang='lat' dir='ltr'><strong>AEtoli</strong></span> <span class='ocrx_word' id='word_1_84' title='bbox 497 1246 683 1326; x_wconf 82' lang='lat' dir='ltr'><strong>legationem</strong></span> <span class='ocrx_word' id='word_1_85' title='bbox 700 1243 916 1308; x_wconf 90' lang='lat' dir='ltr'><strong>Romanorum</strong></span> <span class='ocrx_word' id='word_1_86' title='bbox 933 1242 1079 1330; x_wconf 81' lang='lat' dir='ltr'><strong>¹superbti</strong></span> <span class='ocrx_word' id='word_1_87' title='bbox 1095 1245 1184 1308; x_wconf 87' lang='lat' dir='ltr'><strong>audi·</strong></span> <span class='ocrx_word' id='word_1_88' title='bbox 1194 1255 1321 1304; x_wconf 75' lang='lat' dir='ltr'><strong>AErrnn-</strong></span> 
     </span>
     <span class='ocr_line' id='line_1_12' title="bbox 70 1319 1329 1411; baseline 0.002 -21"><span class='ocrx_word' id='word_1_89' title='bbox 70 1329 170 1402; x_wconf 68' lang='lat' dir='ltr'><strong>viret</strong></span> <span class='ocrx_word' id='word_1_90' title='bbox 194 1329 305 1391; x_wconf 80' lang='lat' dir='ltr'><strong>Poenos</strong></span> <span class='ocrx_word' id='word_1_91' title='bbox 319 1329 382 1391; x_wconf 90' lang='lat' dir='ltr'><strong>illis</strong></span> <span class='ocrx_word' id='word_1_92' title='bbox 402 1347 433 1392; x_wconf 89' lang='lat' dir='ltr'><strong>et</strong></span> <span class='ocrx_word' id='word_1_93' title='bbox 449 1330 568 1408; x_wconf 80' lang='lat' dir='ltr'><strong>Gallos,</strong></span> <span class='ocrx_word' id='word_1_94' title='bbox 583 1325 727 1411; x_wconf 71' lang='lat' dir='ltr'><strong>liquibus</strong></span> <span class='ocrx_word' id='word_1_95' title='bbox 750 1345 796 1396; x_wconf 89' lang='lat' dir='ltr'><strong>tot</strong></span> <span class='ocrx_word' id='word_1_96' title='bbox 817 1331 905 1394; x_wconf 91' lang='lat' dir='ltr'><strong>bellis</strong></span> <span class='ocrx_word' id='word_1_97' title='bbox 927 1335 1089 1396; x_wconf 86' lang='lat' dir='ltr'><strong>occidione</strong></span> <span class='ocrx_word' id='word_1_98' title='bbox 1112 1319 1267 1402; x_wconf 60' lang='lat' dir='ltr'><strong>caesil&#39;ffb?</strong></span> <span class='ocrx_word' id='word_1_99' title='bbox 1279 1321 1329 1370; x_wconf 66' lang='lat'><strong>⁸⁰·</strong></span> 
     </span>
     <span class='ocr_line' id='line_1_13' title="bbox 71 1403 1339 1522; baseline 0.003 -46"><span class='ocrx_word' id='word_1_100' title='bbox 71 1430 153 1490; x_wconf 85' lang='lat' dir='ltr'><strong>sunt,</strong></span> <span class='ocrx_word' id='word_1_101' title='bbox 169 1415 383 1497; x_wconf 68' lang='lat' dir='ltr'><strong>exprobantes,</strong></span> <span class='ocrx_word' id='word_1_102' title='bbox 394 1415 595 1498; x_wconf 82' lang='lat' dir='ltr'><strong>dicentesque</strong></span> <span class='ocrx_word' id='word_1_103' title='bbox 601 1413 699 1498; x_wconf 80' lang='lat' dir='ltr'><strong>priris</strong></span> <span class='ocrx_word' id='word_1_104' title='bbox 710 1415 772 1478; x_wconf 86' lang='lat' dir='ltr'><strong>illis</strong></span> <span class='ocrx_word' id='word_1_105' title='bbox 777 1429 887 1498; x_wconf 84' lang='lat' dir='ltr'><strong>portas</strong></span> <span class='ocrx_word' id='word_1_106' title='bbox 896 1416 1047 1482; x_wconf 77' lang='lat' dir='ltr'><strong>aduersus</strong></span> <span class='ocrx_word' id='word_1_107' title='bbox 1057 1403 1339 1522; x_wconf 39' lang='lat' dir='ltr'><strong>Garmimnil&amp;</strong></span> 
     </span>
     <span class='ocr_line' id='line_1_14' title="bbox 65 1499 1188 1588; baseline 0.003 -28"><span class='ocrx_word' id='word_1_108' title='bbox 65 1502 228 1582; x_wconf 71' lang='lat' dir='ltr'><strong>ginienses</strong></span> <span class='ocrx_word' id='word_1_109' title='bbox 241 1501 434 1582; x_wconf 85' lang='lat' dir='ltr'><strong>operiendas,</strong></span> <span class='ocrx_word' id='word_1_110' title='bbox 449 1519 526 1586; x_wconf 83' lang='lat' dir='ltr'><strong>quos</strong></span> <span class='ocrx_word' id='word_1_111' title='bbox 542 1499 812 1569; x_wconf 69' lang='lat' dir='ltr'><strong>clauserit&#39;2merns</strong></span> <span class='ocrx_word' id='word_1_112' title='bbox 826 1501 940 1565; x_wconf 86' lang='lat' dir='ltr'><strong>Punici</strong></span> <span class='ocrx_word' id='word_1_113' title='bbox 955 1503 1032 1580; x_wconf 88' lang='lat' dir='ltr'><strong>belli,</strong></span> <span class='ocrx_word' id='word_1_114' title='bbox 1046 1503 1138 1588; x_wconf 77' lang='lat' dir='ltr'><strong>quim</strong></span> <span class='ocrx_word' id='word_1_115' title='bbox 1153 1505 1188 1564; x_wconf 88' lang='lat' dir='ltr'><strong>in</strong></span> 
     </span>
     <span class='ocr_line' id='line_1_15' title="bbox 72 1585 1188 1676; baseline 0.003 -29"><span class='ocrx_word' id='word_1_116' title='bbox 72 1586 221 1648; x_wconf 73' lang='lat' dir='ltr'><strong>Gratiam</strong></span> <span class='ocrx_word' id='word_1_117' title='bbox 236 1607 324 1646; x_wconf 87' lang='lat' dir='ltr'><strong>ormo</strong></span> <span class='ocrx_word' id='word_1_118' title='bbox 334 1585 558 1672; x_wconf 80' lang='lat' dir='ltr'><strong>transferenda.</strong></span> <span class='ocrx_word' id='word_1_119' title='bbox 568 1612 570 1616; x_wconf 92' lang='lat'>·</span> <span class='ocrx_word' id='word_1_120' title='bbox 582 1585 762 1650; x_wconf 82' lang='lat' dir='ltr'><strong>Meminisse</strong></span> <span class='ocrx_word' id='word_1_121' title='bbox 771 1589 878 1650; x_wconf 85' lang='lat' dir='ltr'><strong>deinde</strong></span> <span class='ocrx_word' id='word_1_122' title='bbox 882 1590 1005 1672; x_wconf 85' lang='lat' dir='ltr'><strong>jubent,</strong></span> <span class='ocrx_word' id='word_1_123' title='bbox 1014 1592 1067 1676; x_wconf 84' lang='lat' dir='ltr'><strong>qui</strong></span> <span class='ocrx_word' id='word_1_124' title='bbox 1078 1589 1188 1676; x_wconf 82' lang='lat' dir='ltr'><strong>quibus</strong></span> 
     </span>
    </p>

    <p class='ocr_par' dir='ltr' id='par_1_4' title="bbox 8 1667 1270 1756">
     <span class='ocr_line' id='line_1_16' title="bbox 8 1667 1270 1756; baseline 0.002 -24"><span class='ocrx_word' id='word_1_125' title='bbox 8 1717 9 1720; x_wconf 63' lang='lat'><strong>,</strong></span> <span class='ocrx_word' id='word_1_126' title='bbox 71 1673 228 1734; x_wconf 78' lang='lat' dir='ltr'><strong>minentur</strong></span> <span class='ocrx_word' id='word_1_127' title='bbox 241 1667 406 1732; x_wconf 79' lang='lat' dir='ltr'><strong>³ocloersris</strong></span> <span class='ocrx_word' id='word_1_128' title='bbox 416 1671 517 1732; x_wconf 82' lang='lat' dir='ltr'><strong>Gallos</strong></span> <span class='ocrx_word' id='word_1_129' title='bbox 527 1670 630 1734; x_wconf 84' lang='lat' dir='ltr'><strong>urbem</strong></span> <span class='ocrx_word' id='word_1_130' title='bbox 643 1693 785 1735; x_wconf 82' lang='lat' dir='ltr'><strong>eoseuom</strong></span> <span class='ocrx_word' id='word_1_131' title='bbox 798 1675 877 1734; x_wconf 85' lang='lat' dir='ltr'><strong>tueri</strong></span> <span class='ocrx_word' id='word_1_132' title='bbox 889 1695 950 1737; x_wconf 89' lang='lat' dir='ltr'><strong>non</strong></span> <span class='ocrx_word' id='word_1_133' title='bbox 959 1677 1188 1756; x_wconf 69' lang='lat' dir='ltr'><strong>potuissecnp-</strong></span> <span class='ocrx_word' id='word_1_134' title='bbox 1268 1696 1270 1704; x_wconf 67' lang='grc'>’</span> 
     </span>
    </p>

    <p class='ocr_par' dir='ltr' id='par_1_5' title="bbox 54 1753 1190 2614">
     <span class='ocr_line' id='line_1_17' title="bbox 54 1753 1190 1844; baseline 0.002 -26"><span class='ocrx_word' id='word_1_135' title='bbox 54 1779 57 1788; x_wconf 55' lang='lat'><em>¹</em></span> <span class='ocrx_word' id='word_1_136' title='bbox 70 1753 193 1842; x_wconf 67' lang='lat' dir='ltr'><strong>&#39;tamque</strong></span> <span class='ocrx_word' id='word_1_137' title='bbox 205 1754 365 1840; x_wconf 87' lang='lat' dir='ltr'><strong>nonserro</strong></span> <span class='ocrx_word' id='word_1_138' title='bbox 377 1755 558 1840; x_wconf 79' lang='lat' dir='ltr'><strong>defendisse,</strong></span> <span class='ocrx_word' id='word_1_139' title='bbox 571 1757 628 1817; x_wconf 85' lang='lat' dir='ltr'><strong>sed</strong></span> <span class='ocrx_word' id='word_1_140' title='bbox 638 1765 713 1835; x_wconf 79' lang='lat' dir='ltr'><strong>curo</strong></span> <span class='ocrx_word' id='word_1_141' title='bbox 729 1753 902 1820; x_wconf 82' lang='lat' dir='ltr'><strong>redemisse.</strong></span> <span class='ocrx_word' id='word_1_142' title='bbox 936 1757 1053 1844; x_wconf 64' lang='lat' dir='ltr'><strong>aQuum</strong></span> <span class='ocrx_word' id='word_1_143' title='bbox 1065 1772 1190 1841; x_wconf 79' lang='lat' dir='ltr'><strong>gentem</strong></span> 
     </span>
     <span class='ocr_line' id='line_1_18' title="bbox 71 1838 1189 1926; baseline 0.004 -26"><span class='ocrx_word' id='word_1_144' title='bbox 71 1863 106 1908; x_wconf 87' lang='lat' dir='ltr'><strong>se</strong></span> <span class='ocrx_word' id='word_1_145' title='bbox 119 1838 276 1926; x_wconf 80' lang='lat' dir='ltr'><strong>aliquanti</strong></span> <span class='ocrx_word' id='word_1_146' title='bbox 299 1839 415 1926; x_wconf 78' lang='lat' dir='ltr'><strong>majore</strong></span> <span class='ocrx_word' id='word_1_147' title='bbox 433 1861 523 1910; x_wconf 84' lang='lat' dir='ltr'><strong>mann</strong></span> <span class='ocrx_word' id='word_1_148' title='bbox 540 1841 687 1914; x_wconf 70' lang='lat' dir='ltr'><strong>(trecium</strong></span> <span class='ocrx_word' id='word_1_149' title='bbox 706 1842 887 1924; x_wconf 81' lang='lat' dir='ltr'><strong>ingressum,</strong></span> <span class='ocrx_word' id='word_1_150' title='bbox 902 1863 963 1906; x_wconf 91' lang='lat' dir='ltr'><strong>non</strong></span> <span class='ocrx_word' id='word_1_151' title='bbox 981 1845 1077 1906; x_wconf 90' lang='lat' dir='ltr'><strong>solum</strong></span> <span class='ocrx_word' id='word_1_152' title='bbox 1096 1845 1189 1906; x_wconf 87' lang='lat' dir='ltr'><strong>nullis</strong></span> 
     </span>
     <span class='ocr_line' id='line_1_19' title="bbox 71 1926 1189 2013; baseline 0 -23"><span class='ocrx_word' id='word_1_153' title='bbox 71 1928 211 1990; x_wconf 82' lang='lat' dir='ltr'><strong>externis</strong></span> <span class='ocrx_word' id='word_1_154' title='bbox 225 1926 355 2000; x_wconf 83' lang='lat' dir='ltr'><strong>viribus,</strong></span> <span class='ocrx_word' id='word_1_155' title='bbox 366 1927 424 1989; x_wconf 86' lang='lat' dir='ltr'><strong>sed</strong></span> <span class='ocrx_word' id='word_1_156' title='bbox 435 1947 474 1989; x_wconf 89' lang='lat' dir='ltr'><strong>ne</strong></span> <span class='ocrx_word' id='word_1_157' title='bbox 486 1927 657 1990; x_wconf 84' lang='lat' dir='ltr'><strong>domesticis</strong></span> <span class='ocrx_word' id='word_1_158' title='bbox 678 1929 798 2010; x_wconf 81' lang='lat' dir='ltr'><strong>quidem</strong></span> <span class='ocrx_word' id='word_1_159' title='bbox 819 1931 891 1990; x_wconf 86' lang='lat' dir='ltr'><strong>totis</strong></span> <span class='ocrx_word' id='word_1_160' title='bbox 906 1929 1037 2013; x_wconf 53' lang='lat' dir='ltr'><strong>arbutos,</strong></span> <span class='ocrx_word' id='word_1_161' title='bbox 1051 1932 1189 1992; x_wconf 86' lang='lat' dir='ltr'><strong>⁴uuioer·</strong></span> 
     </span>
     <span class='ocr_line' id='line_1_20' title="bbox 65 2013 1189 2100; baseline 0.002 -26"><span class='ocrx_word' id='word_1_162' title='bbox 65 2033 137 2082; x_wconf 45' lang='lat' dir='ltr'><strong>,som</strong></span> <span class='ocrx_word' id='word_1_163' title='bbox 148 2013 284 2082; x_wconf 53' lang='lat' dir='ltr'><strong>deliram·</strong></span> <span class='ocrx_word' id='word_1_164' title='bbox 296 2013 453 2096; x_wconf 82' lang='lat' dir='ltr'><strong>sedemque</strong></span> <span class='ocrx_word' id='word_1_165' title='bbox 462 2013 633 2096; x_wconf 77' lang='lat' dir='ltr'><strong>sepulchris</strong></span> <span class='ocrx_word' id='word_1_166' title='bbox 644 2033 745 2086; x_wconf 80' lang='lat' dir='ltr'><strong>eornm</strong></span> <span class='ocrx_word' id='word_1_167' title='bbox 754 2014 933 2098; x_wconf 81' lang='lat' dir='ltr'><strong>prebuisse,</strong></span> <span class='ocrx_word' id='word_1_168' title='bbox 944 2035 1034 2100; x_wconf 84' lang='lat' dir='ltr'><strong>quum</strong></span> <span class='ocrx_word' id='word_1_169' title='bbox 1047 2017 1092 2077; x_wconf 87' lang='lat' dir='ltr'><strong>illi</strong></span> <span class='ocrx_word' id='word_1_170' title='bbox 1104 2016 1189 2078; x_wconf 82' lang='lat' dir='ltr'><strong>urbi·</strong></span> 
     </span>
     <span class='ocr_line' id='line_1_21' title="bbox 73 2098 1190 2184; baseline 0.004 -24"><span class='ocrx_word' id='word_1_171' title='bbox 73 2100 138 2175; x_wconf 88' lang='lat' dir='ltr'><strong>bus,</strong></span> <span class='ocrx_word' id='word_1_172' title='bbox 150 2099 340 2184; x_wconf 83' lang='lat' dir='ltr'><strong>imperioque</strong></span> <span class='ocrx_word' id='word_1_173' title='bbox 353 2117 408 2160; x_wconf 84' lang='lat' dir='ltr'><strong>suo</strong></span> <span class='ocrx_word' id='word_1_174' title='bbox 423 2109 667 2181; x_wconf 80' lang='lat' dir='ltr'><strong>preposuerunt.</strong></span> <span class='ocrx_word' id='word_1_175' title='bbox 712 2098 840 2177; x_wconf 79' lang='lat' dir='ltr'><strong>Contrd,</strong></span> <span class='ocrx_word' id='word_1_176' title='bbox 855 2101 988 2178; x_wconf 83' lang='lat' dir='ltr'><strong>Italiam,</strong></span> <span class='ocrx_word' id='word_1_177' title='bbox 1004 2103 1134 2184; x_wconf 84' lang='lat' dir='ltr'><strong>trepidis</strong></span> <span class='ocrx_word' id='word_1_178' title='bbox 1151 2123 1190 2164; x_wconf 82' lang='lat' dir='ltr'><strong>erc</strong></span> 
     </span>
     <span class='ocr_line' id='line_1_22' title="bbox 73 2183 1189 2274; baseline -0.001 -26"><span class='ocrx_word' id='word_1_179' title='bbox 73 2185 187 2248; x_wconf 84' lang='lat' dir='ltr'><strong>recenti</strong></span> <span class='ocrx_word' id='word_1_180' title='bbox 206 2183 294 2246; x_wconf 84' lang='lat' dir='ltr'><strong>urbis</strong></span> <span class='ocrx_word' id='word_1_181' title='bbox 316 2205 378 2246; x_wconf 80' lang='lat' dir='ltr'><strong>suo</strong></span> <span class='ocrx_word' id='word_1_182' title='bbox 397 2184 535 2246; x_wconf 80' lang='lat' dir='ltr'><strong>incendio</strong></span> <span class='ocrx_word' id='word_1_183' title='bbox 550 2185 707 2260; x_wconf 82' lang='lat' dir='ltr'><strong>Romanis,</strong></span> <span class='ocrx_word' id='word_1_184' title='bbox 728 2185 904 2248; x_wconf 82' lang='lat' dir='ltr'><strong>reuioersom</strong></span> <span class='ocrx_word' id='word_1_185' title='bbox 919 2187 1026 2274; x_wconf 87' lang='lat' dir='ltr'><strong>ferme</strong></span> <span class='ocrx_word' id='word_1_186' title='bbox 1044 2187 1077 2249; x_wconf 67' lang='grc' dir='ltr'><strong>’ἁ</strong></span> <span class='ocrx_word' id='word_1_187' title='bbox 1094 2189 1189 2264; x_wconf 72' lang='lat' dir='ltr'><strong>Gellia</strong></span> 
     </span>
     <span class='ocr_line' id='line_1_23' title="bbox 66 2261 1188 2359; baseline 0.004 -27"><span class='ocrx_word' id='word_1_188' title='bbox 66 2279 268 2354; x_wconf 75' lang='lat' dir='ltr'><strong>&#39;occupatam</strong></span> <span class='ocrx_word' id='word_1_189' title='bbox 281 2267 381 2334; x_wconf 74' lang='lat' dir='ltr'><strong>Prius</strong></span> <span class='ocrx_word' id='word_1_190' title='bbox 395 2261 496 2352; x_wconf 76' lang='lat' dir='ltr'><strong>igitur</strong></span> <span class='ocrx_word' id='word_1_191' title='bbox 509 2269 570 2332; x_wconf 89' lang='lat' dir='ltr'><strong>illis</strong></span> <span class='ocrx_word' id='word_1_192' title='bbox 581 2270 681 2332; x_wconf 85' lang='lat' dir='ltr'><strong>Gallos</strong></span> <span class='ocrx_word' id='word_1_193' title='bbox 693 2271 786 2340; x_wconf 78' lang='lat' dir='ltr'><strong>Italici</strong></span> <span class='ocrx_word' id='word_1_194' title='bbox 797 2273 961 2354; x_wconf 83' lang='lat' dir='ltr'><strong>pellendos,</strong></span> <span class='ocrx_word' id='word_1_195' title='bbox 972 2295 1062 2359; x_wconf 87' lang='lat' dir='ltr'><strong>quom</strong></span> <span class='ocrx_word' id='word_1_196' title='bbox 1074 2277 1188 2336; x_wconf 88' lang='lat' dir='ltr'><strong>minen·</strong></span> 
     </span>
     <span class='ocr_line' id='line_1_24' title="bbox 69 2351 1187 2442; baseline 0.003 -25"><span class='ocrx_word' id='word_1_197' title='bbox 69 2367 122 2418; x_wconf 81' lang='lat' dir='ltr'><strong>tur</strong></span> <span class='ocrx_word' id='word_1_198' title='bbox 147 2351 283 2430; x_wconf 75' lang='lat' dir='ltr'><strong>AEtolisr‘</strong></span> <span class='ocrx_word' id='word_1_199' title='bbox 303 2353 459 2440; x_wconf 75' lang='lat' dir='ltr'><strong>priusque</strong></span> <span class='ocrx_word' id='word_1_200' title='bbox 483 2376 540 2417; x_wconf 87' lang='lat' dir='ltr'><strong>sun</strong></span> <span class='ocrx_word' id='word_1_201' title='bbox 561 2353 746 2440; x_wconf 84' lang='lat' dir='ltr'><strong>defendenda</strong></span> <span class='ocrx_word' id='word_1_202' title='bbox 771 2363 868 2440; x_wconf 86' lang='lat' dir='ltr'><strong>quom</strong></span> <span class='ocrx_word' id='word_1_203' title='bbox 885 2360 987 2420; x_wconf 81' lang='lat' dir='ltr'><strong>olisna</strong></span> <span class='ocrx_word' id='word_1_204' title='bbox 1011 2361 1187 2442; x_wconf 82' lang='lat' dir='ltr'><strong>oppetenda.</strong></span> 
     </span>
     <span class='ocr_line' id='line_1_25' title="bbox 72 2437 1189 2534; baseline 0.001 -27"><span class='ocrx_word' id='word_1_205' title='bbox 72 2439 276 2529; x_wconf 68' lang='lat' dir='ltr'><strong>Quintilem</strong></span> <span class='ocrx_word' id='word_1_206' title='bbox 294 2441 428 2504; x_wconf 79' lang='lat' dir='ltr'><strong>homines</strong></span> <span class='ocrx_word' id='word_1_207' title='bbox 442 2441 596 2502; x_wconf 87' lang='lat' dir='ltr'><strong>Romanos</strong></span> <span class='ocrx_word' id='word_1_208' title='bbox 610 2437 703 2504; x_wconf 77' lang='lat' dir='ltr'><strong>esse?</strong></span> <span class='ocrx_word' id='word_1_209' title='bbox 724 2441 844 2524; x_wconf 67' lang='lat' dir='ltr'><strong>“nempe</strong></span> <span class='ocrx_word' id='word_1_210' title='bbox 858 2454 1012 2534; x_wconf 79' lang='lat' dir='ltr'><strong>pastores,</strong></span> <span class='ocrx_word' id='word_1_211' title='bbox 1027 2446 1080 2528; x_wconf 81' lang='lat' dir='ltr'><strong>qui</strong></span> <span class='ocrx_word' id='word_1_212' title='bbox 1095 2446 1189 2508; x_wconf 83' lang='lat' dir='ltr'><strong>lutro-</strong></span> 
     </span>
     <span class='ocr_line' id='line_1_26' title="bbox 69 2525 1189 2614; baseline 0 -24"><span class='ocrx_word' id='word_1_213' title='bbox 69 2529 148 2592; x_wconf 82' lang='lat' dir='ltr'><strong>tinio</strong></span> <span class='ocrx_word' id='word_1_214' title='bbox 160 2525 268 2612; x_wconf 82' lang='lat' dir='ltr'><strong>justis</strong></span> <span class='ocrx_word' id='word_1_215' title='bbox 288 2525 432 2588; x_wconf 87' lang='lat' dir='ltr'><strong>⁷dominis</strong></span> <span class='ocrx_word' id='word_1_216' title='bbox 449 2527 619 2608; x_wconf 85' lang='lat' dir='ltr'><strong>ademptum</strong></span> <span class='ocrx_word' id='word_1_217' title='bbox 638 2525 733 2598; x_wconf 88' lang='lat' dir='ltr'><strong>solnm</strong></span> <span class='ocrx_word' id='word_1_218' title='bbox 753 2537 873 2598; x_wconf 84' lang='lat' dir='ltr'><strong>teneant</strong></span> <span class='ocrx_word' id='word_1_219' title='bbox 881 2551 896 2614; x_wconf 88' lang='lat'><strong>·&#39;.</strong></span> <span class='ocrx_word' id='word_1_220' title='bbox 915 2528 979 2612; x_wconf 88' lang='lat' dir='ltr'><strong>qni,</strong></span> <span class='ocrx_word' id='word_1_221' title='bbox 993 2549 1104 2590; x_wconf 81' lang='lat' dir='ltr'><strong>uxores</strong></span> <span class='ocrx_word' id='word_1_222' title='bbox 1119 2525 1189 2593; x_wconf 78' lang='lat' dir='ltr'><strong>curia</strong></span> 
     </span>
    </p>
   </div>
   <div class='ocr_carea' id='block_1_3' title="bbox 65 2611 1187 2808">
    <p class='ocr_par' dir='ltr' id='par_1_6' title="bbox 65 2611 1187 2808">
     <span class='ocr_line' id='line_1_27' title="bbox 65 2611 1187 2702; baseline 0.002 -26"><span class='ocrx_word' id='word_1_223' title='bbox 65 2625 194 2700; x_wconf 80' lang='lat' dir='ltr'><strong>propter</strong></span> <span class='ocrx_word' id='word_1_224' title='bbox 217 2611 355 2702; x_wconf 76' lang='lat' dir='ltr'><strong>originis</strong></span> <span class='ocrx_word' id='word_1_225' title='bbox 371 2611 635 2694; x_wconf 79' lang='lat' dir='ltr'><strong>dehonestamento</strong></span> <span class='ocrx_word' id='word_1_226' title='bbox 655 2631 717 2674; x_wconf 89' lang='lat' dir='ltr'><strong>non</strong></span> <span class='ocrx_word' id='word_1_227' title='bbox 738 2611 923 2692; x_wconf 84' lang='lat' dir='ltr'><strong>invenirent,</strong></span> <span class='ocrx_word' id='word_1_228' title='bbox 937 2612 982 2673; x_wconf 84' lang='lat' dir='ltr'><strong>⁸ui</strong></span> <span class='ocrx_word' id='word_1_229' title='bbox 998 2613 1121 2696; x_wconf 84' lang='lat' dir='ltr'><strong>publico</strong></span> <span class='ocrx_word' id='word_1_230' title='bbox 1136 2637 1187 2678; x_wconf 87' lang='lat' dir='ltr'><strong>ro-</strong></span> 
     </span>
     <span class='ocr_line' id='line_1_28' title="bbox 141 2731 781 2808; baseline -0.003 -16"><span class='ocrx_word' id='word_1_231' title='bbox 141 2731 143 2738; x_wconf 89' lang='lat'>&#39;</span> <span class='ocrx_word' id='word_1_232' title='bbox 448 2740 451 2746; x_wconf 86' lang='lat'>·</span> <span class='ocrx_word' id='word_1_233' title='bbox 481 2741 781 2808; x_wconf 69' lang='lat' dir='ltr'><strong>taruannensem.</strong></span> 
     </span>
    </p>
   </div>
   <div class='ocr_carea' id='block_1_4' title="bbox 72 2849 1189 3322">
    <p class='ocr_par' dir='ltr' id='par_1_7' title="bbox 72 2849 1189 3184">
     <span class='ocr_line' id='line_1_29' title="bbox 104 2849 1187 2930; baseline -0.001 -24"><span class='ocrx_word' id='word_1_234' title='bbox 104 2871 121 2906; x_wconf 82' lang='lat' dir='ltr'><strong>a</strong></span> <span class='ocrx_word' id='word_1_235' title='bbox 128 2855 302 2930; x_wconf 60' lang='lat' dir='ltr'><strong>pilebrantnr</strong></span> <span class='ocrx_word' id='word_1_236' title='bbox 317 2855 415 2918; x_wconf 79' lang='lat' dir='ltr'><strong>nuptie,</strong></span> <span class='ocrx_word' id='word_1_237' title='bbox 428 2852 516 2917; x_wconf 61' lang='lat' dir='ltr'><strong>quiue</strong></span> <span class='ocrx_word' id='word_1_238' title='bbox 526 2852 620 2902; x_wconf 87' lang='lat' dir='ltr'><strong>Deme·</strong></span> <span class='ocrx_word' id='word_1_239' title='bbox 642 2861 684 2906; x_wconf 74' lang='lat' dir='ltr'><strong>tn.-</strong></span> <span class='ocrx_word' id='word_1_240' title='bbox 695 2849 777 2902; x_wconf 78' lang='lat' dir='ltr'><strong>etiarn</strong></span> <span class='ocrx_word' id='word_1_241' title='bbox 788 2849 812 2900; x_wconf 86' lang='lat' dir='ltr'><strong>ai</strong></span> <span class='ocrx_word' id='word_1_242' title='bbox 822 2867 870 2900; x_wconf 87' lang='lat' dir='ltr'><strong>nm</strong></span> <span class='ocrx_word' id='word_1_243' title='bbox 882 2855 965 2920; x_wconf 62' lang='lat' dir='ltr'><strong>aryntr&#39;</strong></span> <span class='ocrx_word' id='word_1_244' title='bbox 973 2852 1073 2917; x_wconf 74' lang='lat' dir='ltr'><strong>simine</strong></span> <span class='ocrx_word' id='word_1_245' title='bbox 1083 2857 1140 2906; x_wconf 83' lang='lat' dir='ltr'><strong>ullis</strong></span> <span class='ocrx_word' id='word_1_246' title='bbox 1151 2871 1187 2905; x_wconf 84' lang='lat' dir='ltr'><strong>eo·</strong></span> 
     </span>
     <span class='ocr_line' id='line_1_30' title="bbox 72 2919 1188 2988; baseline 0.007 -22"><span class='ocrx_word' id='word_1_247' title='bbox 72 2920 141 2972; x_wconf 72' lang='lat' dir='ltr'><strong>rrius</strong></span> <span class='ocrx_word' id='word_1_248' title='bbox 159 2924 271 2988; x_wconf 71' lang='lat' dir='ltr'><strong>acquirit</strong></span> <span class='ocrx_word' id='word_1_249' title='bbox 289 2921 431 2973; x_wconf 75' lang='lat' dir='ltr'><strong>amicitiam</strong></span> <span class='ocrx_word' id='word_1_250' title='bbox 452 2919 618 2986; x_wconf 76' lang='lat' dir='ltr'><strong>Epirotarum</strong></span> <span class='ocrx_word' id='word_1_251' title='bbox 638 2923 689 2982; x_wconf 76' lang='lat' dir='ltr'><strong>piis</strong></span> <span class='ocrx_word' id='word_1_252' title='bbox 710 2929 850 2968; x_wconf 76' lang='lat' dir='ltr'><strong>exterorum</strong></span> <span class='ocrx_word' id='word_1_253' title='bbox 872 2919 1040 2984; x_wconf 87' lang='lat' dir='ltr'><strong>populorum,</strong></span> <span class='ocrx_word' id='word_1_254' title='bbox 1061 2933 1087 2973; x_wconf 87' lang='lat' dir='ltr'><strong>et</strong></span> <span class='ocrx_word' id='word_1_255' title='bbox 1110 2939 1188 2978; x_wconf 77' lang='lat' dir='ltr'><strong>omnes</strong></span> 
     </span>
     <span class='ocr_line' id='line_1_31' title="bbox 73 2983 1188 3053; baseline 0.001 -16"><span class='ocrx_word' id='word_1_256' title='bbox 73 2991 102 3037; x_wconf 86' lang='lat' dir='ltr'><strong>ob</strong></span> <span class='ocrx_word' id='word_1_257' title='bbox 110 2991 286 3044; x_wconf 67' lang='lat' dir='ltr'><strong>matrimonium</strong></span> <span class='ocrx_word' id='word_1_258' title='bbox 294 2997 444 3044; x_wconf 64' lang='lat' dir='ltr'><strong>coeundum</strong></span> <span class='ocrx_word' id='word_1_259' title='bbox 453 3003 506 3053; x_wconf 75' lang='lat' dir='ltr'><strong>erim</strong></span> <span class='ocrx_word' id='word_1_260' title='bbox 513 2987 620 3035; x_wconf 72' lang='lat' dir='ltr'><strong>Ptenis.-</strong></span> <span class='ocrx_word' id='word_1_261' title='bbox 644 2988 831 3050; x_wconf 78' lang='lat' dir='ltr'><strong>Graeeiaepopuli</strong></span> <span class='ocrx_word' id='word_1_262' title='bbox 840 3001 889 3035; x_wconf 92' lang='lat' dir='ltr'><strong>non</strong></span> <span class='ocrx_word' id='word_1_263' title='bbox 900 2983 998 3036; x_wconf 86' lang='lat' dir='ltr'><strong>luerint</strong></span> <span class='ocrx_word' id='word_1_264' title='bbox 1008 2987 1074 3042; x_wconf 85' lang='lat' dir='ltr'><strong>uniti</strong></span> <span class='ocrx_word' id='word_1_265' title='bbox 1082 2987 1117 3038; x_wconf 90' lang='lat' dir='ltr'><strong>ad</strong></span> <span class='ocrx_word' id='word_1_266' title='bbox 1126 2989 1188 3038; x_wconf 87' lang='lat' dir='ltr'><strong>illos</strong></span> 
     </span>
     <span class='ocr_line' id='line_1_32' title="bbox 75 3049 1189 3119; baseline -0.003 -11"><span class='ocrx_word' id='word_1_267' title='bbox 75 3057 120 3108; x_wconf 82' lang='lat' dir='ltr'><strong>ted</strong></span> <span class='ocrx_word' id='word_1_268' title='bbox 127 3055 228 3119; x_wconf 72' lang='lat' dir='ltr'><strong>offendit</strong></span> <span class='ocrx_word' id='word_1_269' title='bbox 237 3053 397 3114; x_wconf 82' lang='lat' dir='ltr'><strong>Antiochum</strong></span> <span class='ocrx_word' id='word_1_270' title='bbox 410 3049 437 3102; x_wconf 79' lang='lat' dir='ltr'><strong>io</strong></span> <span class='ocrx_word' id='word_1_271' title='bbox 447 3053 562 3102; x_wconf 90' lang='lat' dir='ltr'><strong>solutum</strong></span> <span class='ocrx_word' id='word_1_272' title='bbox 567 3055 620 3118; x_wconf 83' lang='lat' dir='ltr'><strong>pri-</strong></span> <span class='ocrx_word' id='word_1_273' title='bbox 641 3053 782 3102; x_wconf 85' lang='lat' dir='ltr'><strong>vincendos</strong></span> <span class='ocrx_word' id='word_1_274' title='bbox 790 3073 796 3110; x_wconf 68' lang='grc' dir='ltr'>ς</span> <span class='ocrx_word' id='word_1_275' title='bbox 805 3063 829 3101; x_wconf 83' lang='lat' dir='ltr'><strong>et</strong></span> <span class='ocrx_word' id='word_1_276' title='bbox 838 3069 864 3102; x_wconf 77' lang='lat' dir='ltr'><strong>aa</strong></span> <span class='ocrx_word' id='word_1_277' title='bbox 872 3057 988 3102; x_wconf 73' lang='lat' dir='ltr'><strong>reddisse</strong></span> <span class='ocrx_word' id='word_1_278' title='bbox 996 3057 1139 3116; x_wconf 79' lang='lat' dir='ltr'><strong>idorornnes,</strong></span> <span class='ocrx_word' id='word_1_279' title='bbox 1146 3060 1189 3118; x_wconf 83' lang='lat' dir='ltr'><strong>qni</strong></span> 
     </span>
     <span class='ocr_line' id='line_1_33' title="bbox 74 3121 1189 3184; baseline 0.003 -13"><span class='ocrx_word' id='word_1_280' title='bbox 74 3137 136 3172; x_wconf 89' lang='lat' dir='ltr'><strong>mum</strong></span> <span class='ocrx_word' id='word_1_281' title='bbox 146 3137 206 3173; x_wconf 84' lang='lat' dir='ltr'><strong>curu</strong></span> <span class='ocrx_word' id='word_1_282' title='bbox 220 3137 309 3172; x_wconf 88' lang='lat' dir='ltr'><strong>sorore</strong></span> <span class='ocrx_word' id='word_1_283' title='bbox 321 3123 505 3172; x_wconf 80' lang='lat' dir='ltr'><strong>matrimonium.</strong></span> <span class='ocrx_word' id='word_1_284' title='bbox 640 3122 712 3170; x_wconf 77' lang='lat' dir='ltr'><strong>urbm</strong></span> <span class='ocrx_word' id='word_1_285' title='bbox 731 3129 757 3169; x_wconf 88' lang='lat' dir='ltr'><strong>et</strong></span> <span class='ocrx_word' id='word_1_286' title='bbox 773 3122 898 3184; x_wconf 80' lang='lat' dir='ltr'><strong>imperinm</strong></span> <span class='ocrx_word' id='word_1_287' title='bbox 919 3121 1057 3182; x_wconf 75' lang='lat' dir='ltr'><strong>Gruterum</strong></span> <span class='ocrx_word' id='word_1_288' title='bbox 1076 3125 1189 3174; x_wconf 81' lang='lat' dir='ltr'><strong>nolebant</strong></span> 
     </span>
    </p>

    <p class='ocr_par' dir='ltr' id='par_1_8' title="bbox 79 3188 1060 3322">
     <span class='ocr_line' id='line_1_34' title="bbox 109 3188 1060 3249; baseline -0.005 -10"><span class='ocrx_word' id='word_1_289' title='bbox 109 3189 174 3245; x_wconf 66' lang='lat' dir='ltr'><strong>bile</strong></span> <span class='ocrx_word' id='word_1_290' title='bbox 194 3191 312 3248; x_wconf 69' lang='lat' dir='ltr'><strong>delenisse</strong></span> <span class='ocrx_word' id='word_1_291' title='bbox 328 3203 405 3242; x_wconf 81' lang='lat' dir='ltr'><strong>ornnes</strong></span> <span class='ocrx_word' id='word_1_292' title='bbox 423 3189 515 3246; x_wconf 78' lang='lat' dir='ltr'><strong>Gallos,</strong></span> <span class='ocrx_word' id='word_1_293' title='bbox 532 3189 576 3249; x_wconf 77' lang='lat' dir='ltr'><strong>qui</strong></span> <span class='ocrx_word' id='word_1_294' title='bbox 595 3188 622 3237; x_wconf 83' lang='lat' dir='ltr'><strong>ln</strong></span> <span class='ocrx_word' id='word_1_295' title='bbox 642 3195 759 3236; x_wconf 82' lang='lat' dir='ltr'><strong>euertere.</strong></span> <span class='ocrx_word' id='word_1_296' title='bbox 1057 3206 1060 3214; x_wconf 65' lang='lat'><strong><em>¹</em></strong></span> 
     </span>
     <span class='ocr_line' id='line_1_35' title="bbox 79 3255 622 3322; baseline -0.011 -15"><span class='ocrx_word' id='word_1_297' title='bbox 79 3257 198 3319; x_wconf 68' lang='lat' dir='ltr'><strong>Granum</strong></span> <span class='ocrx_word' id='word_1_298' title='bbox 208 3259 352 3322; x_wconf 56' lang='lat' dir='ltr'><strong>irretierunt</strong></span> <span class='ocrx_word' id='word_1_299' title='bbox 364 3269 416 3322; x_wconf 85' lang='lat' dir='ltr'><strong>curn</strong></span> <span class='ocrx_word' id='word_1_300' title='bbox 427 3259 516 3317; x_wconf 82' lang='lat' dir='ltr'><strong>majore</strong></span> <span class='ocrx_word' id='word_1_301' title='bbox 528 3255 622 3302; x_wconf 72' lang='lat' dir='ltr'><strong>exerm-</strong></span> 
     </span>
    </p>
   </div>
   <div class='ocr_carea' id='block_1_5' title="bbox 571 3351 706 3430">
    <p class='ocr_par' dir='ltr' id='par_1_9' title="bbox 571 3351 706 3430">
     <span class='ocr_line' id='line_1_36' title="bbox 571 3351 706 3430; baseline 0.007 -31"><span class='ocrx_word' id='word_1_302' title='bbox 571 3351 687 3400; x_wconf 74' lang='lat' dir='ltr'><strong>NOTAE.</strong></span> <span class='ocrx_word' id='word_1_303' title='bbox 700 3414 706 3430; x_wconf 35' lang='lat'>⁵</span> 
     </span>
    </p>
   </div>
   <div class='ocr_carea' id='block_1_6' title="bbox 70 3459 1193 4528">
    <p class='ocr_par' dir='ltr' id='par_1_10' title="bbox 70 3459 1192 3666">
     <span class='ocr_line' id='line_1_37' title="bbox 108 3459 1190 3528; baseline 0.008 -20"><span class='ocrx_word' id='word_1_304' title='bbox 108 3466 124 3512; x_wconf 89' lang='lat'>1</span> <span class='ocrx_word' id='word_1_305' title='bbox 135 3461 246 3528; x_wconf 71' lang='lat' dir='ltr'><strong>Superbi</strong></span> <span class='ocrx_word' id='word_1_306' title='bbox 253 3459 391 3526; x_wconf 59' lang='lat' dir='ltr'><strong>animaene]</strong></span> <span class='ocrx_word' id='word_1_307' title='bbox 400 3461 542 3513; x_wconf 78' lang='lat' dir='ltr'><strong>Relnmmrl</strong></span> <span class='ocrx_word' id='word_1_308' title='bbox 555 3463 620 3511; x_wconf 78' lang='lat' dir='ltr'><strong>Grae·</strong></span> <span class='ocrx_word' id='word_1_309' title='bbox 644 3466 720 3527; x_wconf 72' lang='lat' dir='ltr'><strong>gunt,</strong></span> <span class='ocrx_word' id='word_1_310' title='bbox 729 3460 783 3523; x_wconf 84' lang='lat' dir='ltr'><strong>qui,</strong></span> <span class='ocrx_word' id='word_1_311' title='bbox 794 3461 820 3511; x_wconf 88' lang='lat' dir='ltr'><strong>in</strong></span> <span class='ocrx_word' id='word_1_312' title='bbox 830 3462 954 3512; x_wconf 83' lang='lat' dir='ltr'><strong>Graeclam</strong></span> <span class='ocrx_word' id='word_1_313' title='bbox 966 3469 996 3514; x_wconf 87' lang='lat' dir='ltr'><strong>et</strong></span> <span class='ocrx_word' id='word_1_314' title='bbox 1005 3465 1190 3522; x_wconf 84' lang='lat' dir='ltr'><strong>Macedoniarn</strong></span> 
     </span>
     <span class='ocr_line' id='line_1_38' title="bbox 75 3527 1144 3596; baseline 0.002 -15"><span class='ocrx_word' id='word_1_315' title='bbox 75 3536 120 3588; x_wconf 84' lang='lat' dir='ltr'><strong>eir,</strong></span> <span class='ocrx_word' id='word_1_316' title='bbox 135 3540 212 3594; x_wconf 77' lang='lat' dir='ltr'><strong>gente</strong></span> <span class='ocrx_word' id='word_1_317' title='bbox 228 3530 314 3592; x_wconf 62' lang='lat' dir='ltr'><strong>umus</strong></span> <span class='ocrx_word' id='word_1_318' title='bbox 331 3531 411 3590; x_wconf 76' lang='lat' dir='ltr'><strong>magis</strong></span> <span class='ocrx_word' id='word_1_319' title='bbox 427 3532 527 3579; x_wconf 75' lang='lat' dir='ltr'><strong>ementati</strong></span> <span class='ocrx_word' id='word_1_320' title='bbox 547 3528 620 3592; x_wconf 74' lang='lat' dir='ltr'><strong>purim</strong></span> <span class='ocrx_word' id='word_1_321' title='bbox 645 3528 767 3592; x_wconf 82' lang='lat' dir='ltr'><strong>ingressi,</strong></span> <span class='ocrx_word' id='word_1_322' title='bbox 778 3527 859 3578; x_wconf 80' lang='lat' dir='ltr'><strong>variis</strong></span> <span class='ocrx_word' id='word_1_323' title='bbox 871 3528 993 3580; x_wconf 87' lang='lat' dir='ltr'><strong>cladibus</strong></span> <span class='ocrx_word' id='word_1_324' title='bbox 1002 3527 1144 3596; x_wconf 84' lang='lat' dir='ltr'><strong>perierunt.</strong></span> 
     </span>
     <span class='ocr_line' id='line_1_39' title="bbox 70 3594 1192 3666; baseline 0.002 -20"><span class='ocrx_word' id='word_1_325' title='bbox 70 3594 393 3666; x_wconf 70' lang='lat' dir='ltr'><strong>surnnserrarerpmrum,</strong></span> <span class='ocrx_word' id='word_1_326' title='bbox 406 3595 494 3660; x_wconf 84' lang='lat' dir='ltr'><strong>inquit</strong></span> <span class='ocrx_word' id='word_1_327' title='bbox 506 3595 604 3645; x_wconf 83' lang='lat' dir='ltr'><strong>Livius.</strong></span> <span class='ocrx_word' id='word_1_328' title='bbox 679 3597 732 3643; x_wconf 71' lang='grc' dir='ltr'><strong><em>Μ</em></strong></span> <span class='ocrx_word' id='word_1_329' title='bbox 749 3597 828 3646; x_wconf 79' lang='lat' dir='ltr'><strong>Gallis</strong></span> <span class='ocrx_word' id='word_1_330' title='bbox 843 3596 1004 3662; x_wconf 78' lang='lat' dir='ltr'><strong>occupatum]</strong></span> <span class='ocrx_word' id='word_1_331' title='bbox 1021 3601 1125 3654; x_wconf 84' lang='lat' dir='ltr'><strong>Partem</strong></span> <span class='ocrx_word' id='word_1_332' title='bbox 1142 3604 1192 3652; x_wconf 77' lang='lat' dir='ltr'><strong>Ita-</strong></span> 
     </span>
    </p>

    <p class='ocr_par' dir='ltr' id='par_1_11' title="bbox 73 3659 1192 3998">
     <span class='ocr_line' id='line_1_40' title="bbox 109 3659 1191 3730; baseline 0.006 -20"><span class='ocrx_word' id='word_1_333' title='bbox 109 3662 223 3712; x_wconf 79' lang='lat' dir='ltr'><strong>2Metus</strong></span> <span class='ocrx_word' id='word_1_334' title='bbox 234 3663 328 3712; x_wconf 72' lang='lat' dir='ltr'><strong>Peme·</strong></span> <span class='ocrx_word' id='word_1_335' title='bbox 337 3661 411 3724; x_wconf 68' lang='lat' dir='ltr'><strong>belli]</strong></span> <span class='ocrx_word' id='word_1_336' title='bbox 424 3665 504 3712; x_wconf 80' lang='lat' dir='ltr'><strong>Erant</strong></span> <span class='ocrx_word' id='word_1_337' title='bbox 512 3663 581 3711; x_wconf 89' lang='lat' dir='ltr'><strong>enim</strong></span> <span class='ocrx_word' id='word_1_338' title='bbox 592 3661 620 3710; x_wconf 88' lang='lat' dir='ltr'><strong>id</strong></span> <span class='ocrx_word' id='word_1_339' title='bbox 646 3659 837 3712; x_wconf 79' lang='lat' dir='ltr'><strong>liemaxtmam</strong></span> <span class='ocrx_word' id='word_1_340' title='bbox 849 3662 983 3724; x_wconf 83' lang='lat' dir='ltr'><strong>tenebant,</strong></span> <span class='ocrx_word' id='word_1_341' title='bbox 996 3680 1054 3730; x_wconf 73' lang='lat' dir='ltr'><strong>que</strong></span> <span class='ocrx_word' id='word_1_342' title='bbox 1064 3667 1134 3718; x_wconf 87' lang='lat' dir='ltr'><strong>ultra</strong></span> <span class='ocrx_word' id='word_1_343' title='bbox 1143 3670 1191 3716; x_wconf 75' lang='lat' dir='ltr'><strong>Ra-</strong></span> 
     </span>
     <span class='ocr_line' id='line_1_41' title="bbox 73 3727 1191 3794; baseline -0.004 -16"><span class='ocrx_word' id='word_1_344' title='bbox 73 3729 203 3794; x_wconf 88' lang='lat' dir='ltr'><strong>temporie</strong></span> <span class='ocrx_word' id='word_1_345' title='bbox 217 3728 285 3778; x_wconf 86' lang='lat' dir='ltr'><strong>bello</strong></span> <span class='ocrx_word' id='word_1_346' title='bbox 299 3727 397 3777; x_wconf 89' lang='lat' dir='ltr'><strong>Punico</strong></span> <span class='ocrx_word' id='word_1_347' title='bbox 411 3727 520 3788; x_wconf 84' lang='lat' dir='ltr'><strong>irretiti,</strong></span> <span class='ocrx_word' id='word_1_348' title='bbox 530 3727 557 3776; x_wconf 90' lang='lat' dir='ltr'><strong>in</strong></span> <span class='ocrx_word' id='word_1_349' title='bbox 569 3741 620 3792; x_wconf 89' lang='lat' dir='ltr'><strong>quo</strong></span> <span class='ocrx_word' id='word_1_350' title='bbox 646 3728 718 3782; x_wconf 87' lang='lat' dir='ltr'><strong>dum,</strong></span> <span class='ocrx_word' id='word_1_351' title='bbox 730 3728 819 3778; x_wconf 82' lang='lat' dir='ltr'><strong>Gallia</strong></span> <span class='ocrx_word' id='word_1_352' title='bbox 835 3729 1032 3794; x_wconf 80' lang='lat' dir='ltr'><strong>Transpadana,</strong></span> <span class='ocrx_word' id='word_1_353' title='bbox 1048 3733 1125 3793; x_wconf 85' lang='lat' dir='ltr'><strong>eitra,</strong></span> <span class='ocrx_word' id='word_1_354' title='bbox 1136 3735 1191 3784; x_wconf 78' lang='lat' dir='ltr'><strong>cis.</strong></span> 
     </span>
     <span class='ocr_line' id='line_1_42' title="bbox 74 3790 919 3860; baseline 0 -14"><span class='ocrx_word' id='word_1_355' title='bbox 74 3793 294 3856; x_wconf 68' lang='lat' dir='ltr'><strong>medovicum,</strong></span> <span class='ocrx_word' id='word_1_356' title='bbox 317 3793 395 3842; x_wconf 80' lang='lat' dir='ltr'><strong>modo</strong></span> <span class='ocrx_word' id='word_1_357' title='bbox 420 3794 496 3854; x_wconf 87' lang='lat' dir='ltr'><strong>victi,</strong></span> <span class='ocrx_word' id='word_1_358' title='bbox 514 3807 621 3860; x_wconf 76' lang='lat' dir='ltr'><strong>magnas</strong></span> <span class='ocrx_word' id='word_1_359' title='bbox 646 3790 919 3856; x_wconf 64' lang='lat' dir='ltr'><strong>paeanadicebarnrr</strong></span> 
     </span>
     <span class='ocr_line' id='line_1_43' title="bbox 73 3859 1192 3928; baseline 0.003 -15"><span class='ocrx_word' id='word_1_360' title='bbox 73 3863 165 3914; x_wconf 83' lang='lat' dir='ltr'><strong>clades</strong></span> <span class='ocrx_word' id='word_1_361' title='bbox 178 3871 205 3914; x_wconf 86' lang='lat' dir='ltr'><strong>et</strong></span> <span class='ocrx_word' id='word_1_362' title='bbox 223 3860 344 3913; x_wconf 86' lang='lat' dir='ltr'><strong>hostibus</strong></span> <span class='ocrx_word' id='word_1_363' title='bbox 363 3859 518 3922; x_wconf 89' lang='lat' dir='ltr'><strong>intulerunt,</strong></span> <span class='ocrx_word' id='word_1_364' title='bbox 531 3869 559 3909; x_wconf 85' lang='lat' dir='ltr'><strong>et</strong></span> <span class='ocrx_word' id='word_1_365' title='bbox 572 3861 621 3927; x_wconf 87' lang='lat' dir='ltr'><strong>ipsi</strong></span> <span class='ocrx_word' id='word_1_366' title='bbox 679 3859 696 3917; x_wconf 82' lang='lat' dir='ltr'><strong>li</strong></span> <span class='ocrx_word' id='word_1_367' title='bbox 707 3863 803 3925; x_wconf 78' lang='lat' dir='ltr'><strong>Nempe</strong></span> <span class='ocrx_word' id='word_1_368' title='bbox 810 3863 941 3928; x_wconf 69' lang='lat' dir='ltr'><strong>postor-ea]</strong></span> <span class='ocrx_word' id='word_1_369' title='bbox 963 3865 1091 3916; x_wconf 72' lang='lat' dir='ltr'><strong>Rommus</strong></span> <span class='ocrx_word' id='word_1_370' title='bbox 1102 3871 1130 3916; x_wconf 86' lang='lat' dir='ltr'><strong>et</strong></span> <span class='ocrx_word' id='word_1_371' title='bbox 1142 3867 1192 3916; x_wconf 85' lang='lat' dir='ltr'><strong>Re·</strong></span> 
     </span>
     <span class='ocr_line' id='line_1_44' title="bbox 76 3927 1192 3998; baseline 0.003 -19"><span class='ocrx_word' id='word_1_372' title='bbox 76 3929 244 3995; x_wconf 78' lang='lat' dir='ltr'><strong>acceperunt.</strong></span> <span class='ocrx_word' id='word_1_373' title='bbox 647 3941 714 3987; x_wconf 88' lang='lat' dir='ltr'><strong>mus,</strong></span> <span class='ocrx_word' id='word_1_374' title='bbox 731 3927 837 3993; x_wconf 85' lang='lat' dir='ltr'><strong>aliique,</strong></span> <span class='ocrx_word' id='word_1_375' title='bbox 856 3931 903 3996; x_wconf 85' lang='lat' dir='ltr'><strong>qui¹</strong></span> <span class='ocrx_word' id='word_1_376' title='bbox 918 3931 1004 3997; x_wconf 83' lang='lat' dir='ltr'><strong>prima</strong></span> <span class='ocrx_word' id='word_1_377' title='bbox 1020 3933 1099 3984; x_wconf 86' lang='lat' dir='ltr'><strong>Urbis</strong></span> <span class='ocrx_word' id='word_1_378' title='bbox 1118 3933 1192 3998; x_wconf 77' lang='lat' dir='ltr'><strong>jaee-</strong></span> 
     </span>
    </p>

    <p class='ocr_par' dir='ltr' id='par_1_12' title="bbox 75 3991 1193 4466">
     <span class='ocr_line' id='line_1_45' title="bbox 108 3991 1192 4068; baseline 0.005 -23"><span class='ocrx_word' id='word_1_379' title='bbox 108 3996 125 4045; x_wconf 83' lang='lat'><strong>3</strong></span> <span class='ocrx_word' id='word_1_380' title='bbox 144 3994 275 4047; x_wconf 74' lang='lat' dir='ltr'><strong>Adversis</strong></span> <span class='ocrx_word' id='word_1_381' title='bbox 296 3997 379 4055; x_wconf 79' lang='lat' dir='ltr'><strong>Gallos</strong></span> <span class='ocrx_word' id='word_1_382' title='bbox 397 3996 487 4058; x_wconf 77' lang='lat' dir='ltr'><strong>urbem,</strong></span> <span class='ocrx_word' id='word_1_383' title='bbox 501 3991 565 4056; x_wconf 72' lang='lat' dir='ltr'><strong>tre]</strong></span> <span class='ocrx_word' id='word_1_384' title='bbox 582 3995 621 4045; x_wconf 88' lang='lat' dir='ltr'><strong>De</strong></span> <span class='ocrx_word' id='word_1_385' title='bbox 646 4003 707 4044; x_wconf 90' lang='lat' dir='ltr'><strong>runt</strong></span> <span class='ocrx_word' id='word_1_386' title='bbox 718 3991 895 4068; x_wconf 64' lang='lat' dir='ltr'><strong>fundamenti,</strong></span> <span class='ocrx_word' id='word_1_387' title='bbox 906 3995 1012 4059; x_wconf 84' lang='lat' dir='ltr'><strong>luerunt</strong></span> <span class='ocrx_word' id='word_1_388' title='bbox 1028 4001 1192 4067; x_wconf 67' lang='lat' dir='ltr'><strong>pestorensi-</strong></span> 
     </span>
     <span class='ocr_line' id='line_1_46' title="bbox 77 4059 1129 4126; baseline -0.005 -13"><span class='ocrx_word' id='word_1_389' title='bbox 77 4064 141 4115; x_wconf 87' lang='lat' dir='ltr'><strong>urbe</strong></span> <span class='ocrx_word' id='word_1_390' title='bbox 158 4061 175 4114; x_wconf 75' lang='grc' dir='ltr'>ὲ</span> <span class='ocrx_word' id='word_1_391' title='bbox 194 4065 296 4113; x_wconf 87' lang='lat' dir='ltr'><strong>Brenno</strong></span> <span class='ocrx_word' id='word_1_392' title='bbox 315 4061 395 4126; x_wconf 68' lang='lat' dir='ltr'><strong>capti</strong></span> <span class='ocrx_word' id='word_1_393' title='bbox 414 4070 442 4110; x_wconf 88' lang='lat' dir='ltr'><strong>et</strong></span> <span class='ocrx_word' id='word_1_394' title='bbox 460 4059 563 4112; x_wconf 73' lang='lat' dir='ltr'><strong>incensi</strong></span> <span class='ocrx_word' id='word_1_395' title='bbox 585 4061 621 4110; x_wconf 86' lang='lat' dir='ltr'><strong>lo·</strong></span> <span class='ocrx_word' id='word_1_396' title='bbox 647 4059 729 4110; x_wconf 87' lang='lat' dir='ltr'><strong>mulii.</strong></span> <span class='ocrx_word' id='word_1_397' title='bbox 832 4079 833 4084; x_wconf 48' lang='lat'>¹</span> <span class='ocrx_word' id='word_1_398' title='bbox 1004 4097 1006 4103; x_wconf 53' lang='lat'><strong>.</strong></span> <span class='ocrx_word' id='word_1_399' title='bbox 1128 4085 1129 4091; x_wconf 66' lang='lat'><em>=</em></span> 
     </span>
     <span class='ocr_line' id='line_1_47' title="bbox 76 4119 1191 4196; baseline 0 -14"><span class='ocrx_word' id='word_1_400' title='bbox 76 4138 203 4196; x_wconf 85' lang='lat' dir='ltr'><strong>quuntur,</strong></span> <span class='ocrx_word' id='word_1_401' title='bbox 213 4137 292 4196; x_wconf 84' lang='lat' dir='ltr'><strong>quam</strong></span> <span class='ocrx_word' id='word_1_402' title='bbox 303 4133 389 4179; x_wconf 81' lang='lat' dir='ltr'><strong>tamen</strong></span> <span class='ocrx_word' id='word_1_403' title='bbox 401 4128 510 4194; x_wconf 82' lang='lat' dir='ltr'><strong>Romani</strong></span> <span class='ocrx_word' id='word_1_404' title='bbox 519 4143 569 4178; x_wconf 90' lang='lat' dir='ltr'><strong>non</strong></span> <span class='ocrx_word' id='word_1_405' title='bbox 578 4143 620 4194; x_wconf 90' lang='lat' dir='ltr'><strong>pe·</strong></span> <span class='ocrx_word' id='word_1_406' title='bbox 679 4131 695 4180; x_wconf 81' lang='lat'><em>7</em></span> <span class='ocrx_word' id='word_1_407' title='bbox 706 4119 817 4188; x_wconf 64' lang='lat' dir='ltr'><strong>unitati</strong></span> <span class='ocrx_word' id='word_1_408' title='bbox 826 4132 962 4196; x_wconf 78' lang='lat' dir='ltr'><strong>ademptum</strong></span> <span class='ocrx_word' id='word_1_409' title='bbox 970 4129 1066 4194; x_wconf 78' lang='lat' dir='ltr'><strong>solnm]</strong></span> <span class='ocrx_word' id='word_1_410' title='bbox 1075 4130 1191 4182; x_wconf 81' lang='lat' dir='ltr'><strong>Albanos</strong></span> 
     </span>
     <span class='ocr_line' id='line_1_48' title="bbox 75 4194 1192 4266; baseline 0.002 -19"><span class='ocrx_word' id='word_1_411' title='bbox 75 4199 162 4260; x_wconf 85' lang='lat' dir='ltr'><strong>cunia,</strong></span> <span class='ocrx_word' id='word_1_412' title='bbox 182 4197 231 4247; x_wconf 89' lang='lat' dir='ltr'><strong>sed</strong></span> <span class='ocrx_word' id='word_1_413' title='bbox 250 4195 329 4257; x_wconf 80' lang='lat' dir='ltr'><strong>ferro,</strong></span> <span class='ocrx_word' id='word_1_414' title='bbox 352 4195 535 4245; x_wconf 76' lang='lat' dir='ltr'><strong>redemerunt:</strong></span> <span class='ocrx_word' id='word_1_415' title='bbox 558 4195 621 4245; x_wconf 88' lang='lat' dir='ltr'><strong>dum</strong></span> <span class='ocrx_word' id='word_1_416' title='bbox 647 4195 755 4250; x_wconf 79' lang='lat' dir='ltr'><strong>indicat,</strong></span> <span class='ocrx_word' id='word_1_417' title='bbox 786 4197 878 4266; x_wconf 87' lang='lat' dir='ltr'><strong>jussos</strong></span> <span class='ocrx_word' id='word_1_418' title='bbox 899 4197 916 4255; x_wconf 75' lang='grc' dir='ltr'>ὲ</span> <span class='ocrx_word' id='word_1_419' title='bbox 937 4194 1060 4250; x_wconf 87' lang='lat' dir='ltr'><strong>Romanis</strong></span> <span class='ocrx_word' id='word_1_420' title='bbox 1082 4201 1192 4259; x_wconf 77' lang='lat' dir='ltr'><strong>Romam</strong></span> 
     </span>
     <span class='ocr_line' id='line_1_49' title="bbox 76 4263 828 4329; baseline 0.003 -18"><span class='ocrx_word' id='word_1_421' title='bbox 76 4264 147 4313; x_wconf 87' lang='lat' dir='ltr'><strong>enitn</strong></span> <span class='ocrx_word' id='word_1_422' title='bbox 161 4263 277 4329; x_wconf 82' lang='lat' dir='ltr'><strong>pecunia</strong></span> <span class='ocrx_word' id='word_1_423' title='bbox 293 4269 485 4321; x_wconf 84' lang='lat' dir='ltr'><strong>numeraretur,</strong></span> <span class='ocrx_word' id='word_1_424' title='bbox 500 4277 622 4326; x_wconf 86' lang='lat' dir='ltr'><strong>superve·</strong></span> <span class='ocrx_word' id='word_1_425' title='bbox 646 4265 828 4328; x_wconf 83' lang='lat' dir='ltr'><strong>commigrare.</strong></span> 
     </span>
     <span class='ocr_line' id='line_1_50' title="bbox 78 4327 1193 4398; baseline 0.005 -20"><span class='ocrx_word' id='word_1_426' title='bbox 78 4329 151 4379; x_wconf 84' lang='lat' dir='ltr'><strong>niens</strong></span> <span class='ocrx_word' id='word_1_427' title='bbox 169 4329 297 4380; x_wconf 83' lang='lat' dir='ltr'><strong>Camillus</strong></span> <span class='ocrx_word' id='word_1_428' title='bbox 314 4329 403 4380; x_wconf 87' lang='lat' dir='ltr'><strong>Gallos</strong></span> <span class='ocrx_word' id='word_1_429' title='bbox 423 4329 505 4380; x_wconf 88' lang='lat' dir='ltr'><strong>semel</strong></span> <span class='ocrx_word' id='word_1_430' title='bbox 530 4335 562 4396; x_wconf 64' lang='lat' dir='ltr'><strong>el</strong></span> <span class='ocrx_word' id='word_1_431' title='bbox 577 4329 630 4378; x_wconf 51' lang='lat' dir='ltr'><strong>ite.</strong></span> <span class='ocrx_word' id='word_1_432' title='bbox 679 4329 695 4378; x_wconf 87' lang='lat'>8</span> <span class='ocrx_word' id='word_1_433' title='bbox 711 4333 739 4380; x_wconf 83' lang='lat' dir='ltr'><strong>Vi</strong></span> <span class='ocrx_word' id='word_1_434' title='bbox 746 4335 845 4393; x_wconf 79' lang='lat' dir='ltr'><strong>publica</strong></span> <span class='ocrx_word' id='word_1_435' title='bbox 856 4327 1010 4396; x_wconf 80' lang='lat' dir='ltr'><strong>rapuerint]</strong></span> <span class='ocrx_word' id='word_1_436' title='bbox 1024 4333 1135 4398; x_wconf 84' lang='lat' dir='ltr'><strong>Propter</strong></span> <span class='ocrx_word' id='word_1_437' title='bbox 1142 4333 1193 4386; x_wconf 83' lang='lat' dir='ltr'><strong>vir-</strong></span> 
     </span>
     <span class='ocr_line' id='line_1_51' title="bbox 77 4395 1192 4466; baseline 0.008 -23"><span class='ocrx_word' id='word_1_438' title='bbox 77 4409 136 4450; x_wconf 73' lang='lat' dir='ltr'><strong>rum</strong></span> <span class='ocrx_word' id='word_1_439' title='bbox 147 4396 231 4446; x_wconf 77' lang='lat' dir='ltr'><strong>victos</strong></span> <span class='ocrx_word' id='word_1_440' title='bbox 244 4397 278 4446; x_wconf 88' lang='lat' dir='ltr'><strong>ad</strong></span> <span class='ocrx_word' id='word_1_441' title='bbox 290 4411 369 4446; x_wconf 89' lang='lat' dir='ltr'><strong>unum</strong></span> <span class='ocrx_word' id='word_1_442' title='bbox 382 4395 490 4448; x_wconf 86' lang='lat' dir='ltr'><strong>delevit.</strong></span> <span class='ocrx_word' id='word_1_443' title='bbox 646 4397 721 4460; x_wconf 80' lang='lat' dir='ltr'><strong>gines</strong></span> <span class='ocrx_word' id='word_1_444' title='bbox 734 4398 841 4452; x_wconf 82' lang='lat' dir='ltr'><strong>Sabinas</strong></span> <span class='ocrx_word' id='word_1_445' title='bbox 853 4401 879 4451; x_wconf 90' lang='lat' dir='ltr'><strong>in</strong></span> <span class='ocrx_word' id='word_1_446' title='bbox 892 4396 974 4460; x_wconf 87' lang='lat' dir='ltr'><strong>ludis,</strong></span> <span class='ocrx_word' id='word_1_447' title='bbox 984 4395 1064 4466; x_wconf 80' lang='lat' dir='ltr'><strong>jussu</strong></span> <span class='ocrx_word' id='word_1_448' title='bbox 1078 4403 1192 4464; x_wconf 73' lang='lat' dir='ltr'><strong>Romuli,</strong></span> 
     </span>
    </p>

    <p class='ocr_par' dir='ltr' id='par_1_13' title="bbox 112 4461 1103 4528">
     <span class='ocr_line' id='line_1_52' title="bbox 112 4461 1103 4528; baseline -0.001 -13"><span class='ocrx_word' id='word_1_449' title='bbox 112 4463 289 4526; x_wconf 64' lang='lat' dir='ltr'><strong>‘iUrrioersam</strong></span> <span class='ocrx_word' id='word_1_450' title='bbox 302 4463 411 4528; x_wconf 69' lang='lat' dir='ltr'><strong>deterre]</strong></span> <span class='ocrx_word' id='word_1_451' title='bbox 424 4461 513 4517; x_wconf 83' lang='lat' dir='ltr'><strong>Gallos</strong></span> <span class='ocrx_word' id='word_1_452' title='bbox 527 4461 622 4516; x_wconf 88' lang='lat' dir='ltr'><strong>lntelli·</strong></span> <span class='ocrx_word' id='word_1_453' title='bbox 646 4470 744 4528; x_wconf 82' lang='lat' dir='ltr'><strong>raptas.</strong></span> <span class='ocrx_word' id='word_1_454' title='bbox 866 4467 868 4474; x_wconf 84' lang='lat'>&#39;</span> <span class='ocrx_word' id='word_1_455' title='bbox 967 4471 970 4484; x_wconf 84' lang='lat'><strong>¹</strong></span> <span class='ocrx_word' id='word_1_456' title='bbox 1100 4487 1103 4492; x_wconf 95' lang='lat'>·</span> 
     </span>
    </p>
   </div>
   <div class='ocr_carea' id='block_1_7' title="bbox 0 0 1448 4906">
    <p class='ocr_par' dir='ltr' id='par_1_14' title="bbox 0 0 1448 4906">
     <span class='ocr_line' id='line_1_53' title="bbox 0 0 1448 4906; baseline 0 0"><span class='ocrx_word' id='word_1_457' title='bbox 0 0 1448 4906; x_wconf 95' lang='lat' dir='ltr'><strong> </strong></span> 
     </span>
    </p>
   </div>
  </div>
 </body>
</html>
