2886 4906
667 175 710 226 ο.

353 269 641 367 ¹msnxvnr
686 208 870 342 enarr.

66 459 100 508 nt
114 441 470 534 defectionem'sociorum
485 447 685 512 oidicooerit:
699 460 735 509 ut
749 444 940 525 Uardanes,
960 447 1177 536 Thessalosque

65 535 236 596 exultantes
250 545 345 596 morte
358 533 510 596 Demetrii
528 535 614 616 regis
628 533 863 616 compescuerit:
884 545 920 595 ut
933 534 1059 618 denique
1072 535 1176 616 digni·

13 659 14 664 κ
65 631 158 681 tutem
180 617 376 698 Macedonum
401 641 462 682 non
476 617 582 703 [soltim
602 619 782 704 defenderit,
804 616 910 683 oerum
933 621 1023 682 etiam
1042 623 1175 682 auxeru-
1246 629 1265 656 '·

67 703 208 789 Quorum
214 705 244 766 si
253 707 320 768 illos
323 705 483 788 peniteat,
492 729 523 768 se
532 707 680 788 deponere
688 705 848 788 imperium
856 717 885 768 et
900 706 1023 768 reddere
1037 705 1098 766 illis
1112 725 1176 766 rnu-

64 811 125 852 nus
135 811 242 854 suurn:
258 791 318 874 ipsi
333 809 433 874 regem
449 803 595 874 querant,
610 793 660 854 cui
674 791 832 890 imperent.
876 790 962 855 Ciam
978 791 1109 874 populus
1120 811 1176 872 pu·
1263 783 1266 788 ’

66 876 143 938 dore
166 891 270 940 motus
296 879 435 960 recipere
458 897 531 940 eum
554 897 686 959 regnum
709 878 845 961 juberet,
868 877 989 940 tamdiu
1011 877 1177 956 recusavit,

66 963 171 1042 quoad
186 962 351 1024 seditionis
367 977 509 1024 auctores
525 961 896 1044 suppliciorttaderentur.
1173 973 1176 984 ¹

108 1041 291 1110 CAP.'1V.
320 1047 397 1110 Post
418 1047 479 1109 hec
493 1049 624 1112 lbellum
646 1047 804 1131 Spartanis
823 1046 916 1110 infert
927 1047 1014 1130 equi
1027 1049 1085 1111 soli
1102 1047 1325 1141 Phlnretgmm

64 1131 142 1216 lippi
165 1133 406 1214 Alexandrique
428 1132 527 1206 bellis,
541 1149 573 1196 et
594 1133 760 1218 imperium
783 1131 1009 1211 Macedonum,
1026 1149 1058 1197 et
1076 1134 1212 1196 omni-'tn
1224 1146 1328 1208 spara·

63 1219 123 1282 bus
137 1220 305 1282 metuenda
317 1239 403 1282 arma
414 1233 672 1302 contempserant.
696 1219 782 1282 Inter
793 1220 872 1283 duas
883 1221 1090 1284 nobilissimas
1102 1224 1228 1302 gene'w‘
1236 1213 1325 1292 etrum

64 1320 112 1366 tes
134 1305 263 1381 bellum,
278 1305 410 1368 summis
432 1305 590 1388 utrimque
608 1306 727 1368 viribus
746 1303 827 1380 suits
850 1327 922 1368 cum
944 1306 977 1368 hi
999 1327 1055 1390 pro
1071 1287 1295 1394 vetereffi'r'iffi

66 1388 283 1454 Macedonum
304 1391 415 1474 gloria,
437 1389 498 1453 ²illi
520 1413 581 1454 non
600 1392 702 1454 solum
727 1412 786 1474 pro
808 1390 922 1454 illibati
948 1393 1100 1468 libertate,
1118 1393 1176 1454 sed

65 1476 160 1540 etiam
175 1497 232 1560 pro
246 1477 348 1542 eunte
363 1491 526 1542 certarent.
569 1476 672 1544 ³Victi
694 1477 940 1556 Lacedaemonii,
955 1497 1015 1540 non
1034 1479 1093 1562 ipsi
1108 1485 1333 1541 tan-,tntum

64 1575 144 1638 tum,
158 1563 216 1624 sed
235 1563 330 1626 etiam
345 1565 495 1648 conjuges
514 1563 677 1646 liberique,
692 1583 807 1646 magno
825 1563 930 1628 animo
949 1562 1106 1628 fortunam
1125 1552 1222 1627 tu·⁰¹·
1237 1556 1291 1606 139.
1304 1555 1337 1644 ³„

63 1647 142 1710 lete.
178 1647 286 1710 Nemo
301 1649 416 1731 quippe
431 1651 464 1710 in
478 1650 548 1712 acie
560 1650 652 1712 saluti
666 1649 826 1732 pepercite
840 1649 925 1712 nulla
936 1652 1086 1712 amissum
1102 1671 1174 1712 con·
1183 1619 1335 1740 ffl'gggg

59 1735 174 1820 jugem
191 1733 295 1796 flevit:
313 1733 449 1796 filiorum
464 1749 598 1796 mortem
613 1753 703 1796 senes
716 1735 900 1806 laudabaut;
915 1736 1053 1814 patribus
1066 1735 1097 1796 in
1109 1737 1175 1798 a‘cie
1237 1725 1244 1738 ’
1266 1723 1273 1738 ’

64 1819 155 1884 caesis
171 1817 226 1882 filii
242 1820 492 1902 gratulabantur:
509 1839 599 1882 suam
612 1805 714 1880 vice'm
730 1837 839 1880 omnes
852 1817 1103 1901 dolebant‚qubd
1114 1843 1176 1883 non

59 1903 124 1988 ipsi
140 1923 198 1986 pro
213 1905 319 1986 patriae
333 1905 473 1970 libertate
489 1905 685 1968 cecidissent.
710 1904 890 1968 Parentibus
905 1924 1013 1966 omnes
1029 1905 1191 1969 domibus

64 1990 190 2052 saucios
204 1989 411 2073 excipiebant,
425 1992 553 2054 vulnera
568 1992 727 2065 curabant,
741 1991 838 2052 lassos
855 1989 1044 2054 reficiebant.
1091 1993 1189 2056 interr
1286 2037 1289 2044 ·

64 2075 129 2138 lnec
143 2074 248 2138 nullm
261 2075 293 2140 in
308 2077 385 2140 urbe
405 2077 563 2160 strepitus,
577 2077 661 2139 nulla
678 2076 864 2159 trepidatio;
888 2077 1049 2160 magisque
1066 2097 1176 2140 omnes

60 2161 235 2246 publicam-‚-
247 2157 341 2244 quim
354 2161 506 2245 priuatam
521 2162 677 2226 fortunam
692 2163 848 2246 lugebant.
884 2163 971 2226 luter
986 2165 1052 2236 hoec
1066 2163 1175 2228 ⁴Cleo-

63 2261 173 2311 menes
187 2263 245 2310 rex
260 2265 329 2331 post
344 2249 457 2321 multas
472 2249 611 2314 hostium
626 2249 737 2324 caedes,
751 2263 818 2313 toto
832 2269 973 2332 corpore,
988 2271 1045 2312 sno
1061 2253 1183 2334 pariter
1215 2248 1220 2259 ’

63 2350 95 2396 et
106 2333 245 2404 hostium
260 2353 371 2400 cruore
387 2337 527 2411 madens,
540 2334 729 2418 supervenit,
744 2333 964 2416 ingressusque
980 2339 1100 2412 urbem,
1114 2357 1177 2398 non

63 2420 151 2484 humi
169 2422 397 2500 'conseditnon
412 2421 516 2484 cibum
528 2437 582 2484 aut
593 2435 701 2503 potum
718 2419 878 2502 poposcit;
900 2441 962 2482 non
976 2422 1110 2502 denique
1127 2443 1174 2483 ar-

63 2525 190 2570 morum
204 2527 283 2585 onus
294 2507 457 2590 deposuit;
472 2507 530 2568 sed
544 2505 684 2568 ⁶acclinis
696 2505 818 2589 parieti,
829 2525 901 2568 cum
915 2506 1063 2587 ⁶quatuor
1079 2508 1178 2570 millia

474 2678 773 2754 suranenersrro.

92 2849 107 2882 a
120 2832 164 2886 hii
175 2847 221 2892 non
231 2831 301 2950 prodi
311 2835 422 2886 libertate
434 2849 506 2898 quom
514 2842 606 2912 rpmper
618 2843 823 2884 commonuerunt
834 2807 1120 2896 {curuamine-arere.
1134 2834 1179 2882 aeri

61 2905 133 2952 etium
140 2912 188 2968 pru
201 2919 230 2953 eu
239 2911 287 2952 ute.

559 3011 673 3062 NOTAE.

100 3167 114 3214 1
137 3163 297 3230 Dardanon]
316 3165 368 3224 Qui
391 3181 452 3216 cum
472 3165 609 3216 Thessalis
632 3163 675 3224 tis,
687 3160 814 3214 adversus
833 3166 952 3228 Spartam
971 3179 1032 3215 cum
1049 3164 1082 3216 28
1098 3165 1178 3214 milli·

60 3229 159 3298 juncti,
173 3244 275 3284 mortuo
290 3233 423 3282 Demetrio
437 3235 541 3284 Gonatae
553 3231 610 3282 filio
634 3233 680 3280 bus
694 3233 824 3291 movebat,
836 3227 896 3282 clun
910 3232 1062 3298 Cleomenes
1080 3233 1177 3298 ubique

63 3299 89 3349 in
102 3301 286 3350 Macedoniam
298 3299 453 3364 irruperant.
633 3303 725 3356 victor,
735 3298 854 3357 exercitu
868 3298 901 3348 ad
918 3297 1017 3358 lances,
1029 3315 1086 3362 qua
1103 3302 1179 3366 Spor-

96 3369 219 3419 ameum
230 3365 463 3432 Spartanict'nsert.]
475 3366 516 3416 Sic
526 3382 554 3416 se
566 3381 608 3417 tes
631 3372 686 3414 tam
706 3365 817 3421 (iunctm,
829 3365 968 3425 collocato,
980 3381 1040 3415 cum
1059 3367 1180 3418 eodimi·
1235 3382 1241 3395 ·

61 3433 166 3484 habuit.
197 3433 264 3484 Olim
277 3431 358 3484 AEtoli
370 3432 479 3484 hchaeos
490 3433 610 3484 odissent
632 3432 709 3482 cavit.
743 3437 812 3484 hore
824 3433 871 3482 dio
883 3442 911 3482 et
924 3433 1031 3484 dubium
1046 3444 1179 3486 certamen

61 3497 189 3565 pessime,
203 3499 230 3548 in
242 3499 296 3551 odii
308 3499 462 3566 societatem
471 3509 611 3552 traxerunt
632 3498 684 3548 luit
702 3499 857 3564 phalangem
874 3498 941 3550 intes
965 3507 993 3548 et
1009 3501 1178 3564 juventutem
1220 3516 1223 3522 ·

61 3567 241 3626 Cleomenem,
264 3567 319 3632 qui,
343 3567 436 3618 multis
463 3565 489 3616 in
512 3568 610 3632 praeliis
633 3569 803 3629 Spartanam:
826 3565 905 3615 victis
929 3565 1034 3618 tandem
1056 3571 1179 3622 lacede-

61 3633 169 3689 Achaeis
192 3633 268 3696 susis,
294 3634 390 3684 multas
417 3635 490 3699 cepit
515 3636 609 3686 urbes:
633 3634 735 3691 moniis,
747 3632 817 3700 fugit
829 3634 990 3691 Cleomenes.

58 3703 146 3768 'quare
166 3701 263 3752 Aratus
286 3699 431 3767 Sicyonius,
456 3701 610 3751 Achaeorum
666 3701 833 3750 lcleomenes
850 3699 916 3763 ree]
935 3703 1086 3764 Tyrannum
1101 3711 1179 3753 vocat

63 3771 173 3829 Praetor,
185 3770 356 3835 Antigonum,
367 3767 520 3818 Cleomenes
532 3768 612 3818 Euer·
633 3764 1083 3834 Livius,qubdregiampotestatern
1093 3773 1180 3834 Epho-
1207 3821 1210 3827 ,
1257 3764 1259 3772 ’

63 3845 164 3902 getem·
178 3837 203 3886 in
224 3835 353 3886 auxilium
374 3834 522 3886 accersivit.
555 3836 611 3888 nec
632 3847 722 3882 rorum
734 3833 814 3894 caede,
822 3835 865 3896 qni
877 3850 934 3884 eam
943 3845 1097 3900 oppressam
1109 3848 1179 3885 tene-

64 3905 218 3956 Plutorchaa
227 3913 251 3954 et
263 3903 386 3968 Ponetur.
409 3899 463 3952 Sed
475 3901 612 3967 Plutarch
633 3901 702 3958 bant,
714 3899 763 3948 sibi
775 3901 955 3950 vindicaverit.

65 3985 105 4031 us,
127 3970 262 4022 Philan-chi
281 3969 414 4020 historiam
436 3979 552 4030 secutus,
571 3969 612 4018 in·
668 3965 1105 4032 encenuspan·ect.]N0notetur.
1128 3971 1180 4018 Ac·

65 4033 155 4088 tensus
179 4047 223 4088 est
245 4039 335 4097 Arato,
356 4034 430 4100 quod
451 4036 611 4114 Antigonum
633 4034 711 4085 clivis
727 4033 834 4100 proprie
847 4035 881 4084 de
899 4037 1058 4098 inanimatis,
1069 4035 1183 4086 acclinis

48 4103 204 4156 'evocaritz
222 4103 346 4168 Polybius
364 4097 428 4152 verti
449 4105 525 4152 Arati
544 4119 613 4153 com·
633 4103 668 4152 de
680 4103 803 4152 animatis
816 4101 921 4152 dicitur.

66 4171 199 4222 mercariis
222 4182 286 4220 usus
303 4171 388 4220 iratus
407 4176 451 4222 est
468 4169 612 4231 Cleomeni,
667 4168 1180 4234 couneus-mttere]mercenariosmpar-

67 4233 141 4302 quid
151 4237 341 4306 Megalopolim
350 4235 409 4304 ejus
418 4237 530 4302 patriam
541 4251 613 4288 ever.
634 4243 758 4297 utrosque
769 4251 869 4295 omnes,
881 4247 975 4300 preter
987 4236 1115 4290 ducentos
1131 4237 1179 4302 qui

68 4303 140 4353 terit.
633 4319 695 4356 cum
707 4303 846 4354 Cleomene
860 4303 989 4370 fugerent,
1002 4303 1029 4350 in
1040 4301 1129 4368 prelio
1137 4319 1179 4356 ce-

81 4431 87 4439 ,
101 4370 117 4420 3
131 4372 192 4422 Victi
203 4367 405 4434 medemini]
416 4369 612 4438 Antigonus'h·
633 4371 731 4424 cidisse
743 4369 826 4422 refert
836 4369 1003 4422 Plutarchus.
1018 4378 1019 4386 ¹
1076 4395 1078 4400 ·

66 4437 333 4508 mariannam·
351 4446 381 4491 et
397 4438 535 4502 Mantinet
551 4449 611 4508 cap,
863 4462 866 4470 ·
