2886 4906
752 257 940 342 Jusrmu
960 297 964 311 .

290 437 370 503 tidie
392 434 509 520 nuptiis
530 433 656 497 deditus
682 443 758 502 erat,
803 427 932 508 Contrl,
954 428 1080 498 Acilius
1102 429 1265 494 Romanus
1292 435 1415 511 consul

291 527 347 607 qui
370 524 411 586 ad
432 521 491 582 hoc
514 519 629 582 bellum
649 513 765 580 'missus
786 531 865 594 erat,
884 516 1000 600 copias,
1015 537 1113 596 arma,
1128 515 1310 602 ceterique
1338 521 1413 584 bello

291 608 478 682 neccssaria,
500 607 622 668 summai
647 625 706 686 ope
732 619 764 666 et
789 603 942 666 industria
965 603 1111 685 parabat:
1137 603 1284 668 civitates
1315 609 1414 671 socias

294 693 506 770 confirmabat,
517 691 627 756 dubias
642 689 806 754 illiciebat:
824 709 882 752 nec
897 688 976 752 alius
990 688 1094 752 exitus
1107 687 1303 774 belli,quim
1322 715 1412 778 appa-

293 795 379 844 ratus
402 779 563 859 utriusque
585 776 682 860 partis
697 775 768 840 luit.
812 774 925 858 Itaque
942 773 1053 858 ¹primai
1075 774 1147 838 beili
1174 781 1412 860 congressione,

253 861 255 866 Χ
294 864 375 930 citor.
385 865 530 926 cedentes
546 884 621 924 auos
643 868 700 925 rer
714 876 864 938 cemoret,
879 882 941 924 non
961 860 1170 924 laborantibus
1185 862 1354 934 auxilium
1372 882 1412 932 tu.

286 953 350 1025 'litt
372 951 428 1013 sed
443 948 648 1032 ²iugientibus
667 969 701 1010 se
717 947 832 1012 docem
847 947 988 1030 praebuit,
1003 961 1164 1028 castraque
1184 947 1412 1020 ditia‘victori.

295 1038 353 1100 bus
368 1035 514 1116 reliqnio
549 1033 686 1112 Deinde,
701 1031 776 1098 ciant
792 1033 824 1096 in
840 1033 965 1110 Asiam,
980 1033 1086 1114 prede
1105 1032 1260 1096 Romanis
1275 1057 1412 1126 occupa.

294 1122 347 1200 tis,
357 1120 508 1204 fugiendo
523 1121 725 1202 peruenisset,
740 1118 886 1202 poenitere
902 1117 1034 1202 neglecti
1050 1119 1171 1206 consssii
1185 1121 1301 1204 cespit3
1324 1147 1412 1192 aevo.

294 1209 426 1288 catoque
441 1207 474 1268 iu
488 1206 659 1269 amicitiam
675 1204 844 1280 Annibale,
860 1205 965 1268 omnia
975 1223 1027 1266 ex
1049 1207 1200 1269 sentcntii
1216 1209 1289 1290 ejus
1306 1234 1411 1295 agere.

295 1293 428 1357 Interim
449 1292 624 1369 nunciatur,
639 1289 827 1367 ³AEmiliutn,
847 1289 1061 1353 Romanorum
1082 1291 1209 1368 ducein,
1223 1313 1300 1360 cum
1328 1317 1410 1365 octo.

294 1379 380 1462 ginta
390 1377 531 1440 rostratis
542 1377 672 1440 navibus
684 1380 716 1438 in
730 1377 847 1440 bellurn
858 1377 966 1438 navale
981 1371 1120 1460 &senatu
1135 1378 1281 1458 missurn,
1291 1385 1412 1452 adven.

293 1481 378 1544 tare:
399 1483 467 1542 quae
482 1483 533 1525 res
548 1463 596 1522 illi
609 1483 695 1544 spem
712 1461 910 1526 restituendae
925 1461 1055 1523 fortunae
1070 1463 1170 1526 dedit·
1215 1465 1334 1551 ltaque
1353 1476 1411 1558 pri.

293 1568 427 1630 usquam
442 1547 535 1610 sociae
557 1546 699 1612 civitates
720 1549 762 1610 ad
783 1545 888 1610 hostes
901 1545 1082 1628 deficerent,
1099 1549 1284 1615 ⁴deoernere
1305 1563 1414 1624 navali

291 1635 398 1719 prelio
417 1633 535 1706 statuit,
550 1653 676 1716 sperans
698 1633 819 1698 cladem
841 1636 873 1694 in
890 1633 1011 1695 Graeciit
1032 1651 1190 1718 acceptam
1212 1641 1293 1702 novi
1312 1665 1414 1728 posse

292 1719 423 1784 victorii
436 1719 563 1782 aboleri.
607 1717 739 1782 Traditi
752 1719 849 1802 igitur
864 1717 1014 1782 Annibali
1035 1721 1142 1797 classe,
1158 1724 1300 1805 praelium
1319 1751 1414 1796 com.

291 1807 446 1895 mittitur:
468 1807 526 1868 sed
541 1812 610 1868 ⁵nec
624 1805 737 1868 Asiani
753 1804 867 1868 milites
887 1804 1052 1884 Romanis,
1065 1829 1165 1890 neque
1180 1831 1283 1876 naves
1297 1837 1412 1882 eorum

286 1913 381 1976 pares
393 1892 533 1957 rostratis
547 1891 680 1966 navibus
694 1889 805 1954 fuere:
828 1890 945 1952 ⁶miuor
962 1904 1067 1963 tamen
1082 1895 1187 1958 clades
1202 1897 1297 1961 ducis
1313 1907 1410 1968 soler·

291 1979 335 2040 tia
349 1976 421 2040 suit.
464 1975 614 2037 ²Romam
629 1977 783 2040 ⁷nondum
806 1977 912 2058 opinio
928 1975 1067 2040 victoriae
1083 1995 1219 2060 venerat,
1234 1998 1267 2047 et
1287 1985 1410 2057 idcirc&

291 2064 324 2125 in
339 2060 517 2148 consulibus
532 2061 675 2124 creandis
690 2083 839 2143 suspensa
853 2059 963 2124 civitas
979 2078 1055 2128 erat.

477 2173 508 2208 κ,
593 2191 596 2200 .

252 2169 265 2262 Ιι
510 2204 517 2216 “
696 2214 995 2264 ΙΝΤΕΒΡΒΕΤΑΤΙΟ.

245 2320 265 2396 Ι·
296 2393 299 2398 .
323 2339 338 2372 a
350 2293 767 2422 οἰνεεᾱιιὸίιαόαηεῄοΐῦφηίεο
775 2327 903 2390 eligerent,
913 2329 973 2390 qaia
981 2328 1163 2394 nnnwazsanto
1173 2333 1308 2387 demeare
1323 2341 1415 2398 relata

244 2391 276 2444 Ὀ
291 2393 392 2442 Romam
401 2399 559 2456 perverterat.
688 2417 717 2447 κ,

784 2499 899 2552 NOTAE.

323 2614 339 2662 l
361 2615 450 2663 Prima
473 2615 530 2662 belli
551 2609 744 2677 congressione]
766 2610 834 2666 Clam
855 2611 1225 2677 lataproditione,adSamum
1235 2619 1411 2680 Pisistratum

213 2695 215 2702 ’
287 2679 375 2729 omnia
387 2679 482 2730 cedere
494 2683 618 2730 Romanis
629 2683 734 2732 videret
746 2681 836 2730 Antio·
857 2679 1018 2730 Rhodiorum
1030 2679 1135 2731 ducem.
1163 2687 1187 2735 4.
1201 2686 1311 2749 Rhodii,
1324 2693 1412 2746 classe

288 2750 365 2807 chrm,
375 2746 468 2796 relicta
485 2747 612 2796 Chalcide
629 2749 697 2812 petit
708 2747 835 2796 Thermo·
855 2748 986 2810 reparata,
1007 2749 1165 2802 Annibalem
1187 2760 1215 2802 et
1234 2757 1412 2818 Apollonium

287 2815 372 2878 pylas,
383 2813 451 2862 unde
469 2813 568 2873 accivit
578 2815 689 2875 AEtolos,
701 2813 748 2878 qui
765 2815 835 2877 Juga
855 2812 889 2862 ad
907 2813 1131 2878 Eurymedontem
1150 2819 1308 2886 Pamphyliae
1328 2823 1414 2879 fluvi.

287 2881 414 2931 montium
426 2880 596 2943 occuparent,
605 2881 669 2930 dum
680 2881 736 2944 ipse
746 2877 834 2928 fauces
855 2893 908 2928 um.
942 2883 967 2930 5.
979 2881 1100 2932 AEmilius
1112 2885 1252 2946 Eumenes,
1262 2896 1290 2938 et
1302 2892 1412 2946 Rhodii

288 2945 459 3004 defenderete
476 2961 508 2995 ne
522 2945 648 2996 Romanis
663 2954 766 3011 pateret
783 2944 835 2994 adi·
856 2945 1043 3012 Polyxenidam
1056 2949 1090 3000 ad
1102 2943 1289 3016 Myonnebsunr
1307 2965 1412 3028 magna

288 3022 342 3072 tus,
354 3028 415 3062 cum
432 3013 525 3062 consul
538 3013 642 3064 Acilius
654 3013 762 3074 Glabrio
777 3011 836 3062 bos·
857 3015 933 3064 clade
942 3013 1071 3066 vicerunt.

288 3089 329 3131 tes
342 3079 446 3130 sortiter
458 3095 610 3146 aggressus,
619 3080 646 3129 in
659 3085 746 3130 castra
753 3091 842 3146 popu-1
889 3083 906 3130 5
917 3083 976 3132 Nec
990 3083 1081 3134 stanni
1094 3081 1182 3135 'midam
1195 3089 1338 3155 Romania]
1348 3095 1408 3146 Duo

286 3149 330 3208 lit,
344 3145 412 3197 unde
429 3146 528 3211 expelli
544 3147 591 3196 vix
608 3147 766 3211 potuissent,
784 3146 833 3196 nisi
855 3148 943 3212 praelia
959 3148 1098 3201 confundit
1115 3154 1250 3218 lustinus:
1268 3173 1320 3209 nec
1335 3163 1408 3212 enim

284 3215 395 3266 *Pontius
403 3215 469 3264 Cato
479 3214 716 3280 legatusconsulis,
724 3213 834 3274 AEtnles,
856 3217 881 3266 in
898 3217 1039 3277 Romanos,
1050 3219 1099 3270 ssd
1110 3217 1137 3268 in
1148 3219 1268 3274 Rhodios
1279 3226 1316 3275 ad
1325 3231 1408 3294 Eury-

225 3333 227 3340 ,
287 3283 334 3346 qui
346 3280 415 3348 juga
425 3280 591 3341 obsederant,
605 3281 633 3331 iu
643 3279 733 3348 lugam
748 3283 836 3350 conje·
856 3281 1004 3334 medontem
1015 3287 1142 3352 pugnavit
1154 3288 1277 3350 Annibal,
1286 3294 1337 3358 qui
1348 3297 1407 3360 jam

284 3349 376 3397 nisset.
856 3351 882 3400 in
899 3364 982 3401 coroa
1000 3353 1108 3418 sinistro
1119 3353 1230 3415 vicerat,
1240 3357 1317 3417 dum,
1329 3375 1408 3426 supe.

224 3470 228 3475 ,
320 3418 336 3464 2
346 3415 510 3478 Fugientibus
523 3431 550 3467 se
561 3417 643 3465 dracena
650 3413 778 3481 prebuit]
803 3419 841 3466 In
854 3423 911 3468 rato
925 3417 1020 3468 dextro
1031 3421 1304 3480 connumeraberis
1318 3427 1406 3482 classe

285 3496 317 3532 os
336 3480 407 3530 ictus
424 3480 514 3544 lapide
530 3483 688 3542 Antiochus,
703 3485 833 3535 excussis·
854 3499 996 3550 oppressus
1010 3484 1099 3552 lugam
1115 3489 1275 3552 capessivit:
1293 3494 1406 3559 Polyxe-

287 3562 339 3612 que
356 3546 489 3608 dentibus,
508 3549 636 3608 illateam,
654 3557 710 3600 turn
731 3549 839 3610 Chalci„
854 3551 930 3602 nidos
938 3549 1000 3602 verb
1011 3553 1044 3603 ad
1055 3556 1228 3618 Myonnesum
1237 3573 1299 3608 oum
1310 3563 1405 3612 Rorna-

284 3615 357 3675 dem,
369 3615 464 3670 deinde
475 3617 611 3682 Ephesum
621 3615 706 3682 sagitt
719 3616 784 3668 dum
795 3621 832 3668 A·
853 3619 894 3668 nis
906 3627 933 3670 et
942 3619 1054 3671 Rhodiis
1063 3620 1220 3682 decertarit,
1232 3623 1260 3674 hi
1270 3641 1349 3677 nares
1360 3631 1404 3691 80,

269 3701 272 3706 ·
286 3680 363 3739 cilius
375 3681 489 3746 direptis
503 3683 575 3735 illius
586 3685 686 3744 castris,
699 3684 831 3746 Euboeam,
853 3686 898 3736 ille
909 3687 946 3737 92
956 3686 1083 3746 habebam
1100 3685 1148 3738 sed
1158 3689 1271 3742 Rotnani
1283 3692 1404 3746 militurn

285 3748 439 3812 Heracleam
449 3763 483 3800 ex
492 3749 717 3816 AEtolis,aliasque
725 3752 831 3802 Gracia
852 3753 955 3814 robore,
976 3753 1073 3806 Rhodii
1095 3755 1216 3820 agilitate
1237 3759 1351 3820 navium,
1373 3773 1404 3815 et

203 3835 205 3842 ·
284 3815 414 3873 civitates,
424 3832 471 3868 seu
480 3817 516 3876 vi,
529 3832 576 3866 sen
586 3824 668 3877 metu,
678 3819 787 3883 recepit.
852 3827 909 3870 arte
921 3821 1061 3886 remigum,
1071 3823 1182 3872 Asianos
1191 3827 1360 3890 superabant.

318 3879 508 3946 SAEmelt'una]
530 3881 668 3949 Regillum
684 3896 831 3950 praetorem,
884 3887 1009 3938 sannae
1032 3895 1111 3953 tamen
1132 3891 1233 3954 cloden]
1255 3895 1290 3945 42
1310 3897 1402 3948 Naves

250 3953 252 3960 ’
285 3951 437 4016 quirecens
450 3951 546 4002 multas
560 3965 639 4002 naves
650 3965 685 4004 ex
702 3953 778 4003 ltalia
789 3953 839 4002 Lt'
853 3953 961 4015 amissae,
972 3967 1085 4021 quarum
1096 3957 1128 4008 13
1143 3964 1235 4022 captae,
1246 3961 1348 4014 cettei-a
1356 3967 1403 4016 rel

284 4019 322 4067 sti
332 4017 486 4066 Salinatoris
497 4015 579 4067 classi
585 4019 717 4084 junxerat.
801 4031 804 4034 ·
837 4019 957 4070 'infensae
976 4023 1019 4072 vel
1040 4022 1176 4084 demersae,
1192 4024 1251 4077 duae
1270 4029 1402 4084 Romano.

315 4089 336 4136 4
354 4085 494 4134 Decemere
510 4089 595 4134 novole·
609 4085 714 4149 prelia]
732 4085 831 4134 Contra
851 4101 909 4138 rum
921 4087 1078 4148 fraotae,una
1088 4089 1251 4143 Rhodiorum
1261 4105 1349 4160 cepta.

282 4151 444 4203 Antiochum
457 4151 598 4215 quinqyries
615 4159 762 4224 pugnatum
779 4157 829 4210 est.
884 4157 1031 4208 Woadam
1045 4157 1266 4224 epternacense]
1285 4163 1399 4219 Fallitur
1431 4191 1432 4252 p

284 4220 307 4265 l.
318 4218 430 4268 attilius
443 4217 535 4268 classis
552 4219 673 4271 Romanae
690 4216 829 4283 prefectus
849 4223 982 4282 lustinum
994 4221 1089 4274 eodem
1101 4223 1172 4276 anim
1185 4239 1253 4278 anno
1264 4235 1296 4278 et
1307 4232 1399 4300 Scipio
1431 4261 1432 4290 2

216 4291 224 4318 l
280 4282 410 4340 Isidorum
429 4284 523 4335 ducem
543 4283 576 4334 ad
588 4283 706 4334 Andrum
724 4299 830 4350 supera·
849 4290 943 4340 consul
957 4292 983 4340 in
994 4288 1121 4342 Graeciam
1138 4292 1235 4344 miscus
1251 4303 1302 4359 est,
1313 4307 1344 4350 et
1356 4305 1398 4352 Ε-

280 4347 328 4395 sic
362 4350 385 4398 2.
398 4352 487 4401 Livius
497 4351 627 4414 Salinator
640 4346 827 4418 Polyxenidam
849 4358 936 4410 milius
947 4365 1042 4424 pretor
1050 4355 1130 4412 classi
1141 4357 1284 4424 praelectus
1294 4375 1348 4418 est.
1431 4371 1432 4428 i

281 4413 317 4461 ad
334 4413 475 4496 Phocaeus.
510 4421 532 4470 3,
550 4419 730 4483 Polyxenidas,
749 4419 828 4472 simu-
898 4500 904 4507 .
930 4433 932 4440 ’
1239 4443 1242 4449 ’
