2906 4902
348 245 853 413 clamassent.
1025 288 1030 304 ’
1244 311 1325 394 ,sss

53 477 148 542 donis
169 437 371 560 comparavit.
417 479 503 543 Nam
525 493 556 541 et
576 479 662 562 apud
678 477 817 542 ¹frstrem
838 415 990 542 Ilerseum
1010 465 1321 544 austerissimam

53 563 99 625 illi
117 564 266 626 invidiam
283 566 455 638 connexim
477 575 523 626 tet
536 567 619 646 apud
635 579 753 648 patrem
770 579 842 626 nota
857 565 1056 626 absolutionis
1071 587 1160 630 caiisa
1171 557 1210 605 ⁰¹⁴
1225 547 1279 606 ¹4⁹9·
1289 561 1315 608 2·

52 649 182 712 offense
199 649 268 724 luit,
284 651 462 732 indignante
487 651 642 732 Philippo,
655 653 725 732 plus
748 650 898 714 momenti
918 651 999 732 apud
1022 665 1162 748 senatum
1171 625 1321 744 Ηξῗὲῗέἳ

51 754 219 816 personam
241 735 307 812 filii,
324 732 417 818 qnam
440 737 655 798 auctoritatem
678 734 784 818 patris,
805 757 840 798 ac
857 737 1045 816 dignitatem
1069 757 1162 816 regrae

49 820 225 903 majestatis
240 820 395 883 habuisse.
423 821 526 901 Igitur
535 825 677 896 Perseus,
685 824 843 904 perspecta
859 821 954 904 patris
966 823 1162 904 egritudine,

48 903 194 986 quotidie
214 907 372 969 absentem
396 907 595 978 Demetrium
619 907 707 989 apud,
719 927 791 968 eum
808 907 986 978 criminari3
1009 922 1040 970 et
1058 905 1161 988 ptimd

50 990 200 1064 invisum,
215 990 288 1074 pbst
300 994 395 1054 etiam
406 1007 584 1074 suspectum
599 991 750 1054 reddere:
767 1003 848 1053 none
863 992 1032 1054 amicitiam
1045 993 1161 1056 Roma·
1250 1017 1255 1022 ’

49 1073 175 1153 norum',
189 1079 286 1140 ²rrunc
296 1077 505 1160 proditionem
519 1077 548 1138 ei
563 1079 659 1161 patris
674 1077 840 1162 objectare.
886 1077 941 1138 Ad
958 1094 1161 1160 postremum,

44 1161 182 1224 insidias
197 1159 257 1226 sibi
272 1165 311 1224 ab
326 1183 365 1224 eo
384 1167 505 1246 paratas
525 1164 690 1246 confingitt
714 1163 754 1224 ad
772 1162 861 1246 cujus
881 1163 928 1224 rei
947 1163 1159 1244 probationem
1167 1176 1316 1236 ,lunata

48 1247 195 1310 immittit
210 1247 339 1322 indices,
350 1249 461 1311 ⁵testes
473 1250 630 1327 subornat,
642 1263 675 1310 et
686 1247 803 1310 lacinus
818 1247 902 1330 quoti
916 1249 1035 1331 objicit,
1047 1239 1158 1312 admit·
1168 1249 1207 1298 0¹·
1219 1250 1274 1300 ¹49·
1283 1252 1310 1300 4.

47 1333 98 1394 tit.
146 1330 272 1407 Quibus
295 1335 387 1396 rebus
410 1335 570 1417 compulso
591 1335 646 1397 ⁴ad
667 1332 869 1418 parricidium
892 1347 990 1416 patre,
1005 1333 1158 1398 funestam
1169 1315 1320 1380 ΝΟΜ·

48 1438 177 1484 omnem
193 1419 311 1500 regiam
326 1418 411 1482 facit.
493 1453 495 1458 v
1167 1383 1319 1436 ‘mmm'

93 1502 283 1568 cAP.111.
306 1505 422 1568 Occiso
446 1505 622 1582 Demetrio,
638 1504 820 1588 sublatoque
842 1505 964 1582 aemulo,
979 1527 1039 1568 non
1062 1508 1281 1590 negti-ruant

48 1591 173 1671 gentior
194 1589 316 1652 tannim
340 1589 477 1652 Perseus
496 1593 528 1655 in
553 1593 689 1667 Patrem,
705 1591 816 1653 ver-tim
830 1592 923 1654 etiam
946 1595 1159 1656 contumacior
1168 1591 1252 1640 aitrus.
1265 1593 1318 1656 Aps

46 1687 136 1747 erat;
160 1697 217 1737 uec
241 1673 397 1736 haeredem
419 1679 519 1758 regni,
538 1677 595 1740 sed
611 1669 725 1758 'regem
745 1699 779 1737 se
800 1679 936 1757 gerebat.
983 1677 1043 1757 llis
1065 1654 1317 1774 ieliiissffifflffi

46 1761 186 1822 offensus
201 1759 374 1842 Philippus,
389 1759 603 1843 impatientibs
618 1762 649 1822 in
665 1761 733 1822 <lies
750 1777 881 1822 mortem
902 1762 1059 1822 Demetrii
1073 1765 1157 1824 dole·
1170 1789 1295 1840 datorum

46 1847 119 1908 bat:
143 1859 218 1908 tunc
238 1861 269 1908 et
292 1846 414 1908 insidiis
435 1867 468 1908 se
485 1847 744 1908 ⁵eircumventum
767 1845 929 1928 suspicari,
947 1847 1055 1908 ⁶testes
1078 1849 1293 1918 indi-migratio·

46 1947 164 2012 cesque
183 1945 348 2012 torquere:
372 1947 464 2012 atque
488 1933 540 2006 ita,
556 1932 679 2013 cogniti
694 1931 815 2005 fraude,
830 1949 891 1992 non
913 1929 1019 1994 mimis
1042 1923 1245 1998 sceterett'lt‘·

51 2015 174 2093 Persei,
205 2014 300 2097 quim
322 2017 448 2078 innoxii
473 2017 628 2078 Demetrii
650 2033 749 2078 morte
774 2014 987 2088 cruciabator;
1009 1989 1313 2106 'peregis-gjlfflgs

45 2115 157 2184 setque
184 2103 346 2179 ultionem,
370 2102 430 2164 nisi
459 2119 558 2165 morte
585 2098 757 2184 praeventus
787 2101 908 2164 luisset.
955 2103 1041 2164 Nam
1071 2106 1158 2168 brevi
1168 2120 1313 2174 tta-boeti

46 2201 118 2268 post
137 2203 288 2270 tempore,
301 2190 412 2250 morbo
434 2207 476 2250 ex
498 2186 682 2269 aegritudine
705 2187 800 2248 animi
819 2203 987 2263 contracto,
1001 2187 1329 2267 ³decessit,*liti-0177³

8 2335 9 2338 ,
46 2272 156 2336 relicto
183 2278 297 2358 magno
322 2274 393 2337 belli
417 2291 564 2358 apparatu
590 2271 741 2336 adversim
765 2273 1026 2354 Romanos,·qub
1053 2276 1158 2356 postris

427 2441 751 2510 ernaertara'uo.
825 2493 828 2502 ,

60 2632 77 2664 a
93 2617 127 2664 Et
139 2615 264 2674 absolutio,
275 2618 345 2678 putri
356 2617 415 2665 duta
429 2619 538 2678 propter
550 2609 644 2674 lilium,
657 2627 733 2662 carcaa
740 2612 793 2676 fast
805 2629 849 2664 eru·
862 2612 1025 2676 offenderetur·
1036 2602 1062 2664 il
1075 2629 1140 2668 einp,

542 2767 656 2816 NOTAE.
717 2817 718 2823 ,

79 2923 183 3000 Idpad
191 2921 302 2985 finirem
313 2918 450 2980 Perseum]
473 2915 587 2982 Philippi
612 2918 760 2968 custodiam
785 2909 907 2983 conjecti,
927 2919 1081 2984 necatique;
1101 2920 1159 2983 ipse

42 3004 78 3038 ex
89 2989 211 3052 legitima
223 3001 303 3038 uxore
321 2987 479 3046 Demetrius,
491 3001 526 3036 ex
536 2986 590 3050 pcl-
613 2985 724 3036 vinculis
744 2994 865 3042 mtttstus,
885 2985 1037 3036 Heracleam
1050 2987 1158 3036 missus

44 3055 96 3105 lice
112 3057 223 3106 Perseus
236 3055 304 3104 lilius
316 3053 378 3108 tint,
390 3067 470 3118 quam
488 3053 588 3102 Plutar-
612 3057 663 3111 est,
684 3053 738 3110 ubi,
755 3053 885 3102 exhausto
907 3053 932 3102 in
955 3054 1028 3102 creua
1049 3069 1158 3112 veneno,
1235 3097 1240 3120 Ι

43 3122 111 3172 chus
136 3121 308 3172 Gnatheniam
330 3123 457 3184 Argiuam
472 3121 590 3170 saltatu·
613 3120 695 3182 patris
715 3119 897 3170 crudelitatem
911 3121 1040 3178 incusans,
1055 3119 1158 3188 injectis

44 3203 100 3238 cem
118 3189 243 3252 nominat,
255 3188 332 3254 cujus
344 3185 435 3237 loetum
454 3201 520 3238 uxor
534 3185 590 3236 Phi·
614 3187 638 3233 in
661 3193 740 3250 caput
756 3186 899 3250 tapetibus,
917 3183 1066 3239 senioratus.
1101 3187 1158 3236 lici·

45 3255 109 3321 lippi
126 3255 177 3304 sibi
190 3259 372 3322 srtpposuerob
389 3257 513 3306 Perseum
525 3261 589 3304 natu
613 3253 702 3302 Idoircs
713 3255 857 3303 et'Ororlat.

44 3323 171 3372 minorem
188 3321 253 3372 lacit
270 3322 425 3377 Pausaniam
445 3320 494 3370 sed
510 3321 590 3388 majo·
646 3325 662 3370 5
683 3319 885 3370 Circamnentunr'
896 3320 1037 3384 saepsere]
1058 3319 1158 3372 Aderat

44 3404 99 3438 rem
117 3386 282 3452 probabilius
299 3385 421 3448 diderim,
434 3403 468 3436 esc
479 3390 551 3437 Livio
567 3399 591 3438 et
614 3385 737 3452 Philippo
749 3388 907 3455 Antigonus,
921 3387 1048 3450 Antigoni
1063 3386 1157 3438 tutoris

44 3459 154 3520 Polybio.
613 3469 646 3504 ex
658 3453 740 3504 fratre
757 3469 847 3518 nepos,
860 3457 906 3516 qui
924 3455 1049 3504 Perseum
1064 3455 1158 3504 oderat

77 3521 94 3567 2
105 3525 184 3571 Naue
190 3519 367 3588 proeliatorem]
377 3520 458 3576 Quasi
470 3535 530 3571 cum
543 3523 592 3570 Ro·
614 3520 738 3584 pessime,
750 3535 784 3570 ex
795 3537 827 3570 eo
842 3520 978 3582 Philippus
991 3519 1066 3570 lietas
1078 3523 1159 3573 nomi-

43 3598 179 3652 manorum
199 3587 299 3638 auxilio
317 3589 468 3654 Philippum
482 3586 496 3638 ὲ
509 3603 590 3655 regno
615 3603 645 3637 ne
664 3587 763 3644 Quintii
781 3588 882 3646 literas,
900 3587 1003 3652 aliaque
1021 3589 1159 3639 Demetrio

44 3655 161 3720 dejicere
174 3655 356 3706 meditaretur.
613 3655 730 3718 ascripta
738 3656 872 3717 cognovit·

77 3722 329 3783 {liberneliberne}
339 3725 453 3785 Legatos
464 3737 515 3770 sua
524 3721 591 3772 frau-
647 3722 662 3770 6
677 3723 762 3771 'I'estes
773 3724 913 3782 iudicesque
927 3719 1061 3784 torquere]
1083 3723 1157 3770 Corn·

45 3787 86 3838 dis
99 3789 245 3854 participes
259 3791 366 3854 Romam
380 3787 463 3844 misit,
476 3787 520 3852 qui
533 3787 591 3838 lite·
612 3788 757 3850 prehensus
770 3785 902 3838 Philocles
920 3787 1008 3839 nescio
1022 3789 1082 3851 quis
1099 3787 1158 3836 lite.-

45 3871 85 3905 ras
97 3865 158 3906 ante
170 3853 359 3920 prosectionem
372 3855 520 3912 meditatas,
529 3869 590 3918 qua·
613 3867 700 3906 rarum
713 3864 813 3913 auctor,
825 3856 870 3920 qni
885 3862 1073 3905 tormentorum
1086 3861 1171 3917 metu¹

46 3922 68 3970 si
79 3924 136 3973 Titi
150 3923 251 3980 Quintil
262 3922 374 3982 nomine,
386 3921 507 3984 Philippo
525 3931 590 3972 attu-
614 3933 778 3972 temomnem
792 3921 926 3985 patefecit,

46 3986 144 4052 lerunt,
152 3989 250 4054 quibus
264 3989 309 4040 ille
319 3989 425 4038 reniam.
434 3987 591 4052 deprecaba-
645 3989 661 4039 7
669 3987 994 4052 Peregisretqueultionem]
1004 3989 1031 4039 Iu
1041 3983 1157 4034 Thraci-t

47 4061 98 4116 tur,
110 4059 134 4108 si
146 4055 213 4122 quid
231 4057 389 4116 Demetrius,
402 4056 475 4118 regui
489 4053 590 4116 cupidi·
612 4055 662 4105 sibi
676 4054 773 4104 timens
785 4057 897 4106 Perseus
907 4055 1011 4110 aberam
1024 4052 1087 4102 dum
1100 4049 1158 4098 Piri·

46 4129 100 4184 tate
110 4127 259 4188 prolapsus,
271 4137 360 4172 seeum
371 4124 510 4185 inpetrem
522 4123 590 4186 egis·
613 4122 710 4188 lippus,
717 4123 795 4172 urbes
809 4121 924 4172 lustrans
935 4117 1103 4172 blacedoniae,
1114 4130 1158 4180 po-

47 4197 94 4248 tet,
108 4207 136 4240 se
148 4199 237 4242 tamen
250 4190 321 4254 impii
331 4187 438 4240 consilii
454 4193 587 4238 auctorem
613 4189 680 4252 pulis
693 4197 723 4238 et
734 4189 863 4252 prefectis
873 4182 1158 4248 commendathntigo·

47 4256 198 4310 noniuisse.
527 4316 530 4322 ,
612 4271 682 4313 num,
705 4265 733 4304 nt
751 4271 822 4316 eum,
840 4255 927 4322 ejecto
944 4255 1049 4309 Perseo,
1066 4263 1157 4315 regem

79 4325 147 4374 aad
155 4327 315 4388 parricidium
323 4320 420 4389 putre]
438 4321 535 4372 ,tttstts
548 4321 588 4370 his
611 4321 749 4385 recipiant.
958 4345 961 4351 ·
1004 4339 1008 4346 ·
1130 4349 1132 4356 ,

47 4386 141 4449 literis,
153 4391 215 4440 dum
229 4389 324 4458 iirgam'
337 4392 486 4442 Demetrius
500 4387 587 4438 fratris
644 4388 801 4453 8Decersit.]
814 4383 980 4438 Demetriade
991 4381 1158 4459 Thessaloni·

47 4452 111 4506 iram
123 4451 241 4518 metuens
257 4458 370 4524 cogitat,
382 4457 455 4510 illios
472 4455 587 4508 smici'm
611 4469 669 4509 cam
680 4453 814 4520 profectus
827 4453 899 4508 venit
910 4448 1097 4518 Amphipolim,
1110 4449 1156 4498 ubi

709 4523 776 4630 ,LI
