2894 4920
842 189 857 238 l.

401 289 491 356 ste.
508 293 569 356 x1.
614 290 787 362 cleve
831 250 849 278 ⁸

40 481 89 524 res
114 461 359 528 Atheniensibus
377 464 455 528 visa.
499 467 625 550 ²1taque
652 482 757 551 portas
778 463 910 552 refugiis
930 465 1149 551 profugorum,

40 563 144 612 contra
160 549 357 612 interdictum
370 553 465 634 regis,
477 556 639 635 aperuere.
685 554 792 628 Quam
804 575 872 616 rem
888 555 931 616 ita
946 553 1080 636 graviter
1094 570 1143 616 tu·

39 633 74 695 lit
90 633 282 714 Alexander,
291 652 327 700 ut
340 640 475 700 secundi
484 640 637 720 legatione
649 640 754 704 denuo
769 637 885 724 bellurn
897 639 1144 721 deprecantibus,

38 718 82 802 ira
102 717 232 784 demtim
251 723 419 799 remiserit,
434 737 468 786 ut
483 725 634 788 ¹0ratores
648 739 681 788 et
695 727 803 799 duces,
819 746 953 807 quorum
970 723 1083 788 fiducii
1097 739 1145 786 to·

37 805 97 866 ties
112 803 268 884 rebellent,
281 808 341 870 sibi
353 809 533 872 dedantur:
558 810 736 894 paratisque
760 809 1018 889 Atheniensibus,
1036 831 1074 870 ne
1094 829 1145 872 co·

38 905 149 971 gantur
163 891 266 955 subire
280 893 410 970 bellum,
425 893 464 957 ed
478 917 528 958 res
541 897 670 960 reducta
685 912 743 972 est,
759 911 804 970 ut,
818 897 946 959 retentis
961 893 1147 970 oratoribus,

36 976 132 1038 duces
147 975 179 1038 in
190 979 345 1042 auxilium
357 996 541 1060 agerentur:
558 984 625 1062 qui,
636 1001 677 1044 ex
692 981 860 1042 continenti
874 981 914 1044 ad
929 981 1063 1044 Darium
1076 1000 1146 1062 pro·

36 1059 119 1136 fecti,
130 1083 192 1123 non
207 1065 369 1128 mediocre
381 1081 575 1127 momentum
591 1067 755 1128 Persarum
772 1065 892 1128 viribus
908 1067 1081 1129 accessere.
1150 1119 1151 1126 ,

76 1146 178 1210 CAP.
190 1148 235 1212 V.
254 1149 459 1212 Proficiscens
479 1154 519 1214 ad
542 1151 701 1214 Persicum
723 1152 850 1228 bellum,
869 1173 977 1214 omnes
992 1153 1146 1214 ²novercae
1159 1161 1251 1211 Occiso
1263 1177 1304 1212 no·

36 1255 98 1296 euae
116 1249 276 1314 cognatos,
292 1248 371 1318 quos
393 1237 565 1319 Philippus,
585 1237 616 1298 in
639 1238 843 1300 excelsiorem
859 1235 1020 1320 dignitatis
1041 1238 1145 1300 locum
1154 1244 1297 1290 wmaecog·

30 1319 221 1402 provehens,
236 1321 376 1404 imperiis
392 1321 583 1404 praefecerat,
595 1323 761 1386 interfecit.
784 1322 847 1384 Sed
863 1345 920 1385 nec
935 1323 1011 1399 suis,
1026 1321 1080 1406 qui
1093 1344 1144 1404 ap·
1153 1365 1201 1410 tom
1213 1362 1299 1410 pm„

36 1405 59 1468 ti
74 1425 172 1488 regno
182 1406 381 1485 videbantur,
391 1411 549 1491 pepercit3
571 1430 610 1470 ne
627 1430 687 1491 qua
702 1410 833 1472 materia
848 1409 1022 1484 seditionis,
1038 1407 1207 1494 proculam,
1219 1444 1265 1492 ag-

35 1512 68 1553 se
82 1505 205 1574 agente,
219 1492 252 1554 in
267 1491 456 1558 Macedonis
469 1509 659 1558 remaneret:
676 1492 723 1556 bet
736 1513 827 1580 reges
838 1495 1277 1578 stipendiarios*con-,arelius

34 1575 195 1660 spectioris
214 1579 332 1660 ingenii
345 1581 395 1642 -ad
415 1581 637 1644 commilitium
659 1601 767 1643 seeum
788 1579 903 1644 trahit:
927 1579 1087 1662 segniores
1105 1579 1147 1644 ad

34 1664 162 1726 tutelam
175 1665 265 1745 regni
279 1664 439 1745 relinquit.
464 1665 614 1742 Adunato
629 1665 744 1727 deinde
759 1666 899 1728 exercitu
913 1685 1007 1726 traves
1018 1678 1145 1738 onerat;

34 1749 117 1810 unde
134 1762 299 1830 conspecta·
315 1748 407 1824 Asia,
422 1749 597 1812 incredibili
613 1747 724 1812 ardore
741 1750 855 1811 mentis
874 1769 1033 1824 accensus,
1053 1749 1146 1809 ³dno·

34 1833 141 1896 decim
152 1852 221 1895 aras
237 1833 369 1896 deorum
386 1832 505 1896 inbelli
521 1849 594 1896 vota
605 1836 723 1898 statuit.
746 1832 973 1895 Patrimonium
987 1853 1079 1900 omne
1094 1853 1147 1894 su·

34 1941 98 1995 um,
122 1919 209 2000 quod
232 1918 263 1980 in
288 1919 489 1995 Macedonii,
511 1917 700 2002 Europaque
723 1919 865 1996 habebat,
888 1918 997 1980 amicis
1021 1917 1147 1996 dividit,

34 2005 89 2066 eibi
105 2004 213 2069 Asiam
228 2001 535 2093 sufficere'praefatus.
559 2005 748 2089 Priusquam
759 2005 823 2068 ulla
834 2003 922 2066 navis
936 2003 1038 2070 littore
1055 2025 1146 2066 exce-

35 2092 132 2168 deret,
152 2091 270 2153 hostias
290 2091 392 2169 cadit,
411 2106 518 2174 petens
532 2088 695 2154 victoriam
712 2091 804 2165 bello,
819 2111 883 2172 quo
900 2090 992 2152 toties
1008 2086 1026 2149 i
1042 2088 1145 2152 Persis

34 2177 136 2258 petitae
154 2175 283 2239 Graeciae
295 2178 378 2240 ultor
388 2177 505 2240 electus
516 2176 575 2240 sit:
590 2185 603 2214 ⁰
620 2177 732 2259 quihus
745 2177 837 2258 longa
848 2175 915 2260 jam
933 2175 1018 2251 satis,
1033 2190 1064 2236 et
1080 2197 1143 2238 ma·
1153 2175 1305 2230 Ammo:

36 2279 100 2326 tura
117 2263 250 2346 imperia
269 2262 447 2344 contigisse,
463 2282 659 2344 quorumque
680 2271 804 2344 tempus
820 2282 888 2324 esse
900 2259 985 2324 vites
1001 2261 1144 2344 excipere
1153 2243 1300 2360 ffilss}

37 2346 149 2411 melitis
162 2363 297 2412 acturos.
334 2348 398 2410 Sed
414 2369 470 2410 nec
482 2349 640 2410 exercitos
651 2347 720 2430 ejus
735 2346 805 2423 alia,
818 2343 911 2428 quim
927 2347 1010 2427 regis
1026 2347 1144 2409 animo·
1153 2348 1306 2431 Antjcjg32,

36 2455 102 2496 rum
124 2436 331 2518 presumptio
352 2433 432 2496 fuit:
456 2433 570 2516 quippe
592 2431 681 2496 obliti
702 2452 812 2494 omnes
832 2430 1014 2514 conjugum,
1032 2433 1145 2493 libero·

36 2541 179 2602 rumque,
187 2537 220 2582 et
231 2521 409 2602 longinquae
424 2515 443 2579 tl
455 2521 550 2582 domo
561 2517 694 2594 militiae,
702 2518 866 2580 Persicum
880 2535 1001 2592 aurum,
1011 2531 1042 2584 et
1050 2519 1147 2580 totius

38 2606 178 2670 Orientis
192 2627 279 2690 opes,
283 2606 352 2690 jam
368 2604 457 2688 quasi
472 2623 560 2682 suam
575 2605 711 2688 praedam
723 2601 894 2665 ducebant:
911 2621 968 2664 nec
979 2601 1051 2662 belli
1066 2603 1148 2686 geri·

36 2693 239 2776 colorumque
254 2691 310 2754 sed
322 2690 504 2754 divitiarum
515 2690 733 2762 meminerant.
778 2685 973 2751 candelari
989 2686 1021 2748 in
1038 2685 1147 2775 Conti-

37 2791 160 2842 nentem
170 2792 283 2859 essent,
294 2776 414 2863 primus
424 2775 608 2840 Alexander
621 2775 775 2862 jaculum,
788 2771 916 2838 velutin
928 2773 1073 2858 hostilem
1086 2787 1148 2835 ter·

437 2992 735 3044 INTERPRETATIO·

68 3207 83 3242 a
98 3195 183 3253 Quare
193 3191 338 3256 receperunt
348 3193 376 3240 in
388 3191 486 3240 armon
494 3188 579 3254 profu·
602 3187 677 3238 licosi
688 3184 854 3237 videbantur.

35 3275 76 3322 gos
91 3261 124 3310 ab
140 3259 264 3312 exercitu
281 3257 434 3317 Alexandri,
447 3267 533 3308 contro
543 3259 580 3320 tp·
634 3271 650 3306 c
668 3256 732 3314 Quor
741 3255 836 3304 Persas
840 3259 895 3318 jam
903 3255 964 3304 toda
973 3251 1016 3300 ‹lt'u
1023 3252 1149 3316 inspectum

38 3329 84 3374 aisn
95 3331 245 3378 mandatum.
602 3326 716 3380 renuitae,
736 3331 760 3372 ct
780 3329 872 3384 tempus
889 3323 993 3376 nemeae,
1011 3333 1063 3384 quo
1088 3322 1150 3380 post

68 3393 212 3446 boldduatt
222 3408 303 3442 aecum
314 3394 349 3441 od
356 3393 440 3440 bedam
456 3404 529 3455 reget
536 3392 578 3439 rtr'·
601 3401 647 3439 eoa
658 3392 779 3454 imperare
789 3390 902 3447 debeant,
912 3389 955 3450 qui
957 3385 1060 3450 fortiori
1062 3385 1149 3451 factu-

36 3463 172 3524 redares,
184 3463 227 3525 qut
238 3462 343 3522 inquieti
359 3461 464 3524 ingenii,
477 3465 507 3510 et
524 3455 578 3508 bel·
603 3460 627 3506 η·
636 3466 701 3508 sunt.
882 3485 884 3492 ·

528 3625 643 3676 NOTAE.

70 3785 83 3835 1
101 3787 138 3837 Ut
158 3781 295 3846 maroneo]
314 3778 442 3840 Phocion,
462 3776 579 3829 infensus
604 3791 662 3828 rum
674 3783 760 3829 morte
777 3775 844 3828 nihil
861 3773 957 3826 habent
970 3775 1046 3828 Diod,
1064 3785 1089 3826 et
1100 3777 1149 3828 Ar·

41 3850 217 3911 Demostheni,
228 3865 274 3902 eoa
290 3847 356 3900 dedi
373 3861 421 3912 pro
438 3844 524 3896 salute
536 3859 579 3909 pa·
603 3849 669 3895 rion.
685 3844 733 3894 sed
745 3843 863 3894 referunt
878 3842 1056 3893 Alexandrum
1067 3841 1148 3906 ludis,

40 3917 91 3968 triae
108 3918 210 3985 jussit;
235 3915 283 3966 aed
302 3911 441 3981 prohibuit
457 3913 579 3978 populus,
603 3909 742 3962 sacrificiis
760 3917 790 3962 et
808 3909 936 3960 conviviis
955 3907 1064 3960 duxisse
1083 3916 1159 3958 tem·

40 3985 152 4036 oratione
170 3982 256 4033 flexus
273 3978 466 4040 Demosthenis,
479 3979 505 4028 iu
527 3981 578 4045 qui
603 3979 736 4044 pus,dum
748 3975 878 4042 profectio
909 3983 1036 4027 araretur.

41 4049 149 4108 fabulam
160 4047 195 4101 'de
208 4049 309 4111 ovibus,
319 4065 378 4116 quae
389 4061 466 4098 canes
476 4046 578 4098 tradere
636 4047 652 4097 3
665 4047 801 4096 Duodecim
811 3990 907 4107 dcccl
917 4045 974 4094 Hoc
987 4041 1058 4094 inter
1065 4041 1149 4092 altare

38 4116 201 4182 juberentur,
213 4115 320 4173 attolite
339 4124 367 4167 et
384 4111 526 4180 Demades,
539 4127 581 4162 ac·
604 4121 632 4164 et
642 4129 713 4164 aram
724 4112 868 4163 discrimen
876 4118 928 4171 est,
936 4109 1009 4177 quod
1023 4110 1047 4158 in
1062 4105 1149 4168 altari,

41 4183 146 4248 ceptlsa
155 4183 331 4237 Demosthene
341 4181 449 4234 talentis
456 4179 581 4246 quinque,
605 4188 633 4231 et
648 4179 783 4230 adoleatur
795 4177 912 4239 victima,
931 4187 959 4226 et
973 4177 1030 4226 Diis
1044 4173 1149 4250 superis
1247 4195 1252 4203 ·

41 4261 129 4302 auctor
148 4251 202 4304 fuit
220 4250 383 4308 Alexandro,
404 4256 434 4300 ut
456 4246 581 4298 retineret
606 4245 764 4297 sacrificium
781 4245 835 4306 fiat,
847 4240 966 4296 araverd
983 4242 1041 4292 Diis
1059 4239 1148 4290 inferis

41 4317 170 4380 oratores,
188 4319 271 4369 duces
289 4313 352 4368 verd
369 4313 439 4370 foras
462 4313 581 4384 ejiceret.
605 4322 677 4364 esset
696 4328 779 4374 sacra,
796 4322 824 4366 et
841 4309 935 4383 libatio
955 4313 1060 4366 tantum
1070 4307 1097 4360 in
1114 4309 1149 4364 ei

44 4383 320 4438 Dioclenet'l'lutorch.
602 4379 687 4434 ‘fieret

73 4454 223 4506 ZNooercae
240 4445 380 4520 rogante]
399 4451 439 4504 De
449 4445 581 4518 'cognus-

1154 1298 1229 1352 notis‚
1242 1295 1290 1344 bel-
1379 1343 1382 1349 ,
1425 1285 1427 1288 ’
