2924 4918
104 1019 114 1036 ,Ο

9 1072 24 1100 .
69 1073 71 1081 r
99 1075 103 1082 ι

675 151 921 258 nmsuonn.

239 329 302 407 liis,
316 325 523 413 Scipionibus,
535 327 589 412 qni
604 341 635 392 te
651 341 825 392 constantes
840 328 907 391 illas
922 340 953 392 et
966 339 1104 394 austeras
1119 327 1152 394 in
1165 320 1270 416 rebus,
1281 345 1358 398 tum

240 417 397 493 secundis,
410 428 478 478 tum
494 415 645 492 adversis,
660 415 791 478 virtutes
806 415 966 478 edoceant.
1000 414 1067 478 Ubi
1083 417 1159 480 vend
1176 419 1266 484 dotes
1282 420 1358 484 illas

240 521 349 564 omnes
358 500 453 562 variis
469 499 500 562 in
515 500 707 582 principibus
719 501 868 564 hactenus
880 499 1036 582 dispersas
1048 501 1080 565 in
1094 515 1125 564 tc
1138 523 1202 566 uno
1216 506 1357 590 college·
1387 545 1391 550 -

238 586 475 670 riaperfcctum
489 585 576 648 illum
591 585 774 668 principem,
786 586 876 668 cujus
890 585 1024 670 effigiem
1040 587 1071 648 in
1083 585 1168 669 Cyro
1183 590 1357 666 adumbra-

239 669 286 735 vit
301 671 484 756 Xencphon‚
500 670 569 734 orbi
590 673 736 734 universo
758 669 930 738 exhibebis·
974 669 1037 734 Sed
1057 673 1135 754 quid
1152 695 1212 760 ego
1228 675 1358 760 longin-

170 763 175 775 “
240 777 303 839 qua
327 757 379 820 illa
397 774 428 820 et
442 771 571 822 externa
590 758 732 839 exempla
753 755 889 838 profero,
904 775 977 818 cnm
997 759 1160 841 praesentia
1180 775 1211 822 et
1225 759 1358 824 domes·

238 845 302 908 tica
322 863 360 908 su
452 842 506 906 nt?
532 843 639 904 Habes
663 856 823 924 parentem
849 841 1050 905 Ludovicnm
1074 863 1243 929 magnum
1266 845 1356 910 hunc

237 949 337 993 unum
353 929 385 991 in
474 928 580 1006 ,hun'c
595 943 710 1011 specta,
723 927 805 990 hunc
821 947 972 1009 sequere3
988 927 1071 992 illius
1086 929 1117 992 in
1133 933 1169 993 te‘
1179 931 1206 994 si
1221 951 1354 1014 expres-

291 1014 476 1163 }{ffltea
490 1015 550 1076 erit
571 1035 645 1078 sane
659 1035 717 1075 cur
731 1013 890 1092 heroibus,
904 1027 1059 1098 quotquot
1074 1017 1355 1104 superim-

201 1144 206 1154 .
238 1186 246 1201 ι
292 1101 299 1116 ’
413 1077 679 1248 tdcunQnultum
695 1099 872 1181 praestitisse
891 1113 922 1200 pe
938 1081 1221 1252 meriwt
1242 1103 1355 1179 dium

140 1246 142 1256 ,
238 1187 290 1248 ille
306 1185 386 1249 bella
403 1201 494 1269 gent,
508 1203 539 1250 at
572 1199 673 1268 ntque
695 1185 800 1246 hostes
817 1185 939 1246 Gallico
958 1203 1084 1282 nomsnp
1099 1209 1161 1250 sne

237 1285 273 1336 tu
288 1273 413 1336 interim
434 1272 608 1356 pacificum,
623 1272 708 1354 quod
729 1284 838 1352 sponte
858 1270 915 1332 tibi
931 1269 1076 1335 deserunt
1090 1274 1205 1338 eruditi
1227 1296 1352 1352 omncs,

236 1355 397 1420 literarum
419 1358 586 1440 imperium
608 1359 731 1436 accipe:
757 1372 825 1418 tum
846 1357 925 1418 dnos
947 1355 1041 1420 simul
1063 1358 1131 1420 sinc
1147 1361 1212 1422 nlla
1225 1361 1351 1426 dissen-

236 1445 321 1510 tione
336 1463 437 1526 reges‚
449 1457 607 1526 parentem
621 1457 652 1504 et
669 1441 873 1522 lilium‚quod
889 1462 1049 1525 nunquam
1065 1445 1207 1528 contigit,
1221 1449 1350 1512 univcr-

236 1549 271 1591 sa
292 1529 482 1612 obstupescit
505 1523 618 1590 Gallia.
664 1528 720 1588 Ille
743 1523 835 1610 longe
863 1528 986 1610 lateque
1009 1530 1094 1612 leges
1116 1547 1148 1593 et
1165 1533 1239 1616 jura
1260 1533 1351 1598 dabit

236 1613 378 1698 populis}
395 1629 429 1678 tu
442 1614 595 1678 cruditis:
613 1614 663 1675 ille
680 1613 804 1697 praeliis,
819 1615 916 1696 captis
930 1611 1070 1694 urbibus,
1081 1629 1112 1679 et
1125 1616 1284 1698 victoriis3
1300 1634 1348 1700 tu,

235 1699 387 1784 singulari
412 1699 444 1762 in
470 1699 607 1762 literatos
633 1699 774 1760 homines
800 1699 1023 1776 munificentiis,
1050 1717 1169 1784 patrem
1195 1703 1347 1784 imitatus,

236 1784 396 1862 Gallicum
416 1807 530 1848 nomen
552 1784 804 1848 commendabis:
828 1785 955 1868 Regum
977 1784 1040 1860 ille,
1055 1803 1087 1850 et
1108 1791 1192 1872 apud
1214 1811 1299 1869 suos,
1314 1805 1348 1854 et

233 1869 319 1954 apud
334 1884 458 1936 exteros
474 1871 662 1945 fortissimus
678 1871 803 1943 audiet3
826 1886 861 1932 tu
876 1870 1119 1936 eruditissimus.
1163 1874 1346 1954 Gloninsum

233 1953 309 2025 aaut}
330 1957 493 2038 utriusque
515 1976 648 2028 mtmus3
671 1955 728 2016 sed
749 1955 810 2016 crit
828 1975 896 2020 sors
915 1970 970 2018 tua
990 1955 1029 2020 eo
1047 1956 1179 2036 felicior,
1193 1963 1279 2042 qnod
1299 1964 1363 2048 illi,

232 2043 327 2118 nulli,
346 2042 407 2104 nisi
428 2041 567 2104 hostium
590 2040 739 2122 sanguine
762 2043 938 2116 cruentata5
964 2041 1021 2104 tibi
1041 2044 1136 2106 viridi
1158 2061 1190 2108 et
1212 2049 1344 2114 innocui
1453 2109 1454 2116 ,

232 2127 321 2208 lanso
336 2127 460 2211 cingere
472 2126 605 2188 frontem
622 2127 731 2188 liceat:
749 2127 803 2189 nbi
816 2126 892 2190 verti
907 2147 993 2196 arma
1006 2143 1136 2192 tractare
1151 2153 1206 2214 per
1220 2148 1348 2200 atatem·
1453 2167 1454 2198 l

230 2209 373 2296 primum
394 2209 442 2276 fas
469 2211 538 2288 crit,
559 2226 627 2273 tum
649 2211 774 2274 bellicas
800 2228 942 2294 parentes
968 2213 1087 2291 laudes,
1107 2215 1268 2286 scientiam
1295 2223 1342 2284 rei

231 2297 387 2376 militaris,
402 2299 435 2360 in
450 2299 544 2360 rebus
557 2295 738 2360 ordinandis
754 2298 962 2380 prudentiam,
975 2300 1005 2360 in
1022 2300 1217 2381 perficiendis
1233 2305 1342 2370 celeri-

232 2397 328 2446 tatem
350 2399 382 2446 ct
398 2381 623 2459 fortitudinem,
639 2403 710 2446 cum
734 2385 918 2448 eruditionis
941 2387 1038 2468 gloriai
1060 2387 1102 2448 ita
1120 2387 1254 2470 jungere
1274 2406 1340 2454 stu·

130 2477 135 2484 '
231 2469 318 2548 deas,
338 2485 373 2532 ut
397 2491 459 2532 non
484 2469 584 2534 solum
610 2469 817 2532 litteratorum
843 2489 932 2533 amor
959 2485 991 2536 et
1017 2473 1124 2552 decus,
1146 2475 1203 2536 sed
1227 2476 1342 2544 Gallici

230 2555 325 2620 ctiam
342 2555 465 2642 imperii
480 2554 670 2639 presidium,
686 2555 884 2638 hostiumque
902 2573 1002 2622 terror
1017 2556 1141 2622 futurus
1156 2559 1210 2622 sis.
