2906 4902
45 345 52 355 ,
127 211 189 336 nto
658 281 666 308 ι
739 257 924 344 Jnsrnu

284 436 417 512 Catane,
427 431 567 498 suumn
583 443 645 494 non
660 431 850 496 dubitabant.
889 433 999 516 Itaque
1013 427 1285 512 luictis-'partibus
1305 427 1415 490 Pons²

281 521 411 604 peinais,
423 535 454 582 et
468 519 593 581 'Cassio
608 531 641 580 et
656 519 756 580 Bruto
767 519 884 582 auxilia
897 518 1064 581 ⁸adversi1a
1077 517 1266 598 Augustdm
1286 528 1325 575 et
1336 516 1414 576 An·

280 606 403 669 tunium
423 604 558 668 miseret
580 618 612 666 et
625 607 709 686 ⁴post
728 605 800 666 belli
816 605 908 666 finem
927 609 1063 668 rursum
1072 603 1190 663 Pacoro
1204 601 1313 676 duce,
1328 600 1413 662 initi

277 695 368 754 lcum
390 691 531 754 Labieno
552 689 710 766 societate,
724 690 861 771 ⁶Syriam
883 705 914 752 et
931 690 1044 753 Asiam
1063 689 1253 758 vastavbrn
1283 701 1409 748 castra·

281 798 345 860 que
366 776 521 850 ventidii,
546 776 600 857 qui
623 791 692 857 post
714 774 872 853 Cassium,
893 777 1019 837 absente
1045 775 1174 844 Pacoro,
1196 774 1410 834 'exercstum

281 861 463 926 Parthicum
485 859 620 937 suderat,
637 863 748 943 magni
773 863 855 922 mole
881 861 1115 943 aggrediuntur.
1157 859 1223 920 Sed
1250 858 1328 933 iile,
1354 858 1408 919 8εἰ·

280 949 400 1012 mulato
421 947 545 1024 timore,
566 946 622 1008 diu
643 946 793 1008 continuit
814 969 861 1021 se,
878 961 912 1009 et
926 947 1073 1008 insultare
1096 943 1228 1008 Parthos
1250 937 1408 1025 aliquau-

281 1034 378 1116 tisper
395 1053 503 1115 passus
522 1047 580 1096 cst.
625 1028 682 1093 Ad
703 1047 895 1113 postremum
911 1033 943 1093 in
961 1053 1087 1094 securos
1105 1032 1255 1110 laetosque
1273 1044 1408 1111 partem

280 1119 440 1203 legionum
451 1119 573 1180 emisit:
590 1137 723 1200 quarum
738 1117 857 1200 impetu
873 1117 935 1180 iusi
952 1118 1071 1194 Parthi,
1085 1117 1116 1177 in
1129 1117 1257 1178 diversa
1273 1115 1406 1192 abiete.

123 1211 269 1268 malms.
282 1206 436 1282 ²Pauorua
458 1201 532 1268 cum
548 1202 703 1286 fugientes
719 1225 791 1265 suos
806 1203 972 1266 abduxisse
994 1223 1101 1267 secum
1116 1201 1258 1282 legibues
1275 1199 1404 1262 Roma·

123 1285 165 1333 01.
177 1283 233 1333 184.
246 1286 270 1334 2.
281 1311 336 1354 nae
358 1303 491 1373 putaret,
506 1305 605 1352 castra
620 1287 775 1365 ventidii,
789 1289 885 1352 veluti
907 1289 972 1350 sine
995 1287 1223 1363 defensoribus,
1244 1287 1405 1368 aggredi·

122 1350 268 1470 mg&
280 1390 342 1440 tur.
385 1375 471 1438 Tum
485 1375 811 1455 ⁹Ventidius,re1iqua
832 1388 917 1456 parte
940 1375 1098 1456 legionum
1121 1372 1247 1448 emissi,
1261 1373 1400 1435 univer-

280 1481 348 1524 sam
370 1459 560 1524 Parthorum
580 1479 706 1522 manum
724 1481 795 1523 cum
815 1481 890 1542 rege
905 1461 978 1541 ipso
994 1459 1114 1522 Pacoro
1135 1457 1319 1520 interfecit:
1345 1478 1403 1520 nec

685 1645 982 1698 INTERPRETATIO.
1014 1661 1018 1670 ·

314 1819 330 1852 a
350 1800 411 1852 Calin
421 1801 535 1852 Pacorus
548 1809 652 1868 pataret
662 1803 767 1866 legiam
777 1767 905 1852 Renunun
922 1801 1041 1848 abductor
1054 1794 1158 1862 longiae,
1172 1799 1230 1848 datm
1243 1804 1400 1861 peraequum

282 1883 324 1920 tur
336 1887 392 1920 sust
401 1869 539 1934 fitglentee.

775 2005 889 2053 NOTAE,

317 2151 327 2196 l
347 2150 422 2198 Victis
435 2149 550 2212 porriitur
571 2143 751 2210 Pompeianum]
772 2149 826 2196 Ter
846 2145 895 2196 ned
906 2146 1044 2202 Labienus.
1057 2143 1148 2194 audita
1163 2141 1250 2194 Cassii
1264 2145 1399 2210 Brutique

281 2214 453 2280 Pompeianos
474 2214 540 2264 vicit
560 2216 661 2264 Caesare
690 2213 773 2262 semel
800 2215 825 2262 in
846 2213 932 2271 clade,
943 2213 1056 2272 Parthis,
1067 2212 1208 2286 utbellum
1224 2213 1352 2261 Romanis
1363 2216 1399 2260 in·

281 2281 421 2330 'l'hessaiia
441 2281 476 2332 ad
496 2280 658 2338 Pharsalum
682 2275 777 2330 iterhm
799 2280 825 2331 in
847 2281 954 2341 ferrent,
965 2287 1057 2332 auctor
1068 2278 1165 2329 extitit.

282 2347 384 2404 Africa.
403 2348 436 2398 ud
449 2347 584 2412 Thapsum
605 2361 686 2412 prope
706 2349 825 2410 Leptim,
880 2343 1139 2413 bityniametsltiumi
1148 2348 1268 2395 Pacorus
1277 2345 1397 2410 Apamea

281 2411 363 2466 testib
378 2415 403 2464 in
413 2415 550 2482 Hispania,
564 2414 598 2464 ad
606 2415 734 2464 Mundam
747 2415 827 2465 neti·
847 2419 877 2465 et
893 2415 1033 2465 Antiochia
1049 2427 1080 2464 ta
1098 2413 1143 2472 tis,
1154 2413 1225 2462 omni
1237 2411 1340 2462 cilicia
1352 2415 1397 2477 Sy-

282 2499 318 2534 cae
330 2481 465 2548 oppidum.
499 2483 528 2532 In
545 2481 631 2547 prima
647 2485 735 2547 pugna
754 2481 829 2532 Pom·
848 2483 950 2547 niaque.
963 2490 1057 2546 prater
1092 2495 1177 2546 yrum,
1189 2479 1305 2543 potitus,
1317 2479 1396 2530 inlu·

283 2550 359 2616 peius
371 2549 467 2612 victus,
479 2547 505 2599 in
517 2549 601 2600 altera
610 2549 699 2612 Scipio
711 2555 740 2598 et
750 2550 827 2610 luha,
849 2549 904 2600 data
917 2552 1017 2616 Regem
1029 2547 1167 2600 constituit
1178 2549 1357 2612 Antigonum.

281 2617 311 2666 ¹in
320 2617 398 2668 tertia
407 2617 515 2682 Pompei
526 2614 583 2667 filii.
616 2613 670 2668 Sed
681 2615 735 2666 haec
748 2616 828 2666 omni·
881 2619 1053 2674 7Eaercitum
1065 2615 1230 2677 Parthicum]
1243 2614 1394 2672 Labienum,

282 2684 332 2734 bus
345 2689 415 2734 nota.
756 2737 757 2740 ,
849 2681 911 2732 dnm
931 2687 1043 2734 Pacorum
1061 2681 1088 2732 in
1105 2681 1204 2747 Syriam
1222 2689 1358 2747 properat,
1370 2681 1394 2728 iu

316 2755 333 2804 2
348 2753 431 2802 Ouinio
443 2759 467 2798 et
478 2747 580 2812 Bruta]
595 2745 721 2816 confosso
737 2749 828 2816 pugio·
847 2748 937 2816 seigam
956 2751 1021 2815 egit,
1039 2756 1068 2802 et
1086 2749 1120 2800 ad
1140 2752 1258 2800 'l'aurum
1278 2757 1392 2798 montem

282 2818 359 2868 nibus
384 2817 409 2866 in
429 2817 513 2867 'Curia'
529 2819 639 2877 Caesare,
654 2817 700 2866 ilie
716 2817 827 2880 Syriam,
847 2818 1002 2880 persecutus
1014 2825 1065 2868 est·

282 2885 326 2934 hic
349 2883 532 2934 Macedoniarn
552 2883 708 2942 obtinuerat,
721 2879 792 2947 qubd
811 2879 827 2932 d
882 2886 1027 2936 {intimante
1039 2883 1141 2947 timore]
1158 2879 1314 2942 Ventidius,
1325 2879 1393 2946 equi-

283 2950 444 3016 Reipnblicat
455 2949 575 3014 partibus
584 2958 676 3000 contra
684 2949 828 3000 Antonium
848 2958 919 3002 tatus
931 2951 1049 3002 Parthici
1058 2959 1142 3010 metu,
1151 2950 1177 2999 in
1190 2951 1252 3007 loco·
1259 2949 1335 2998 edito
1343 2965 1395 2998 cas·

283 3027 395 3082 uterque
407 3025 496 3066 staret.
670 3021 672 3026 “
747 3027 751 3034 ’
783 3041 785 3047 v
846 3026 1022 3084 traposnetan
1040 3033 1098 3083 quae
1118 3019 1181 3068 dum
1200 3015 1391 3080 imprudentius

316 3086 332 3134 3
346 3080 473 3134 Adversus
485 3083 625 3148 Augustum
637 3090 661 3130 et
672 3081 829 3146 Antonium]
850 3085 1042 3152 aggrediuntur
1059 3085 1160 3144 Parthi,
1180 3083 1212 3132 ab
1234 3083 1390 3138 irruentibus

284 3148 614 3217 Pendsquosidternporis
626 3154 826 3200 commercium
849 3153 965 3218 undique
982 3152 1105 3202 Romanis
1118 3153 1142 3202 in
1155 3149 1247 3218 lugam
1256 3151 1330 3207 ret-si,
1345 3151 1390 3196 La·

283 3227 402 3282 potestas
415 3227 486 3274 erat;
499 3219 605 3283 quique,
614 3223 646 3266 ut
657 3226 767 3268 mortem
776 3219 828 3268 Cae·
849 3220 939 3270 bienna
958 3221 984 3269 in
1001 3219 1098 3269 castris
1115 3218 1248 3277 obsessus,
1268 3228 1294 3267 et
1309 3216 1386 3281 paulo

282 3287 348 3336 saria
361 3286 561 3344 ulciscerentur,
573 3292 600 3334 et
616 3285 755 3334 Senatores
769 3299 836 3348 pro·¹
849 3296 918 3351 post,
929 3287 993 3337 dum
1006 3291 1086 3342 noctu
1099 3285 1191 3350 fugam
1200 3287 1312 3349 cogitat,
1322 3282 1337 3334 b
1348 3284 1388 3332 Li·

282 3353 446 3415 scripserunt
460 3351 599 3414 plurimos,
614 3351 786 3418 Cassiumque
798 3359 826 3401 ct
849 3357 922 3404 berto
931 3363 1034 3419 captus,
1042 3353 1126 3402 multa
1136 3351 1218 3402 millia
1227 3353 1387 3402 Parthiorurn

282 3423 393 3470 Brutum
403 3417 482 3466 armis
494 3419 628 3480 persecuti
641 3427 711 3468 sunt.
848 3431 922 3480 casa,
945 3422 1055 3486 ipseque
1077 3421 1192 3470 Pacorus
1215 3419 1333 3470 occisus:
1356 3435 1387 3469 ca
1435 3441 1436 3470 i

313 3485 610 3550 4Portbellt'finem.]l)e
624 3486 726 3534 summi
739 3500 824 3536 rerum
852 3491 943 3548 Velleio,
958 3490 1079 3552 Appiano,
1096 3499 1120 3536 et
1138 3490 1284 3540 Plutarcho.
1318 3485 1387 3544 Quod

281 3559 411 3608 certatum
422 3559 464 3602 est
474 3552 507 3601 ad
519 3552 662 3617 Philippos,
674 3552 729 3602 sive
740 3555 826 3602 Mace·
848 3565 932 3604 tamen
946 3554 971 3605 in
986 3555 1067 3604 altero
1079 3555 1167 3618 praelio
1180 3555 1304 3618 contigit.

281 3617 374 3677 donia,
386 3619 607 3680 sive'Thessaliae,
619 3620 663 3670 ubi
681 3626 708 3670 et
720 3621 826 3670 Cassius
879 3614 1064 3686 9'chtidt'us]
1093 3624 1163 3670 Loco
1188 3621 1284 3678 hirmili
1309 3630 1387 3682 natus,

219 3737 221 3747 ,
281 3683 729 3745 abAntonio,etOctuviushBruto
739 3687 830 3737 rictus¹
846 3703 924 3752 quern
937 3695 1022 3738 mater
1032 3687 1101 3739 bello
1120 3680 1216 3738 Sociali
1235 3685 1251 3738 b
1269 3689 1387 3753 Pompeio

279 3763 336 3810 eati
350 3761 381 3803 ut
391 3753 508 3815 Cassius,
519 3754 649 3818 Brutianae
661 3755 828 3819 ignarusric·
847 3757 970 3806 Strabone
984 3761 1071 3820 capta,
1086 3765 1145 3805 ante
1158 3769 1266 3804 currum
1285 3755 1389 3820 impera·

280 3821 363 3882 toria,
376 3819 424 3870 sibi
435 3821 565 3878 conscivit
577 3829 701 3879 mortem
716 3826 826 3872 Brutus·
846 3823 910 3872 toris
920 3822 1107 3887 triumphantis
1118 3825 1143 3872 in
1156 3823 1296 3872 ninutuli‘t.
1314 3827 1388 3872 Gran·

280 3895 341 3954 que,
350 3889 490 3942 commisso
507 3885 603 3938 iterum
614 3889 702 3953 praelio
721 3904 825 3955 supera·
846 3889 904 3939 dior
914 3888 1006 3947 factus,
1017 3890 1113 3939 rictum
1127 3888 1176 3948 sibi
1185 3887 1255 3954 aegre
1265 3890 1388 3955 quesivit,

280 3967 333 4016 tus,
344 3947 360 4004 ὲ
372 3966 447 4004 servo
459 3955 546 4004 occidi
560 3971 588 4022 se
596 3954 688 4020 jussit.
846 3957 1030 4020 comparandis
1038 3957 1116 4006 mulis
1124 3965 1151 4006 et
1157 3955 1288 4008 vehiculis
1297 3959 1388 4023 magis·

312 4023 403 4072 soum
415 4021 542 4082 dubiem]
564 4023 632 4071 Filio
645 4022 700 4072 Titi
718 4023 823 4073 Labieni
846 4023 965 4073 tratibus.
1000 4027 1028 4072 ln
1047 4023 1099 4074 isto
1113 4032 1218 4088 quaestu
1235 4030 1314 4073 notus
1331 4041 1387 4074 esse

278 4088 407 4154 quietio
420 4087 489 4136 bello
503 4087 603 4137 Gallico
617 4090 732 4150 Legatos
745 4093 825 4140 Caesa-
845 4091 923 4153 coepit
935 4091 1041 4152 Caesari,
1053 4104 1112 4142 cum
1122 4103 1173 4152 quo
1186 4091 1211 4140 in
1225 4091 1321 4142 Gallias
1332 4107 1388 4156 pro·

278 4157 316 4204 ris
333 4155 429 4213 suerat,
441 4164 467 4202 et
486 4155 515 4202 in
529 4154 617 4218 praelio
635 4155 669 4222 ad
687 4157 824 4217 Mundam,
845 4155 929 4208 fectus
943 4158 967 4206 in
986 4157 1055 4208 illius
1073 4157 1216 4208 amicitiam
1234 4167 1262 4209 et
1279 4159 1304 4208 in
1323 4160 1386 4210 ordi-

278 4228 371 4271 contra
387 4223 474 4287 ipsum
487 4224 615 4272 Caesarem
627 4219 732 4272 fortiter·
750 4223 825 4272 dimi·
845 4239 902 4274 nem
916 4219 1106 4288 amplissimum
1117 4227 1245 4289 pervenit.
1264 4217 1330 4278 Cum
1339 4228 1386 4276 An-

278 4301 351 4345 oans,
367 4288 473 4338 cecidit.
489 4329 491 4338 Α
507 4291 575 4339 Ante
592 4301 706 4354 pugnam
726 4291 823 4355 Philip·
845 4292 917 4342 tonio
927 4291 1021 4342 deinde
1033 4289 1198 4358 proscriptus
1207 4302 1263 4351 eat3
1278 4291 1385 4346 sedodn·
1435 4315 1436 4326 ¹

278 4365 384 4428 pensem
402 4354 462 4420 ejus
481 4353 563 4406 fliium
580 4355 614 4406 ad
631 4357 744 4409 Orodem
762 4359 823 4408 Cas·
840 4357 941 4424 junctis
953 4357 1072 4422 partibus
1086 4357 1384 4417 Pontifexmeindecon-

278 4423 820 4484 siusmtsetat,utindeevocaretauxiliat
843 4425 1015 4478 calceentur:
1033 4426 1106 4493 quod
1123 4425 1240 4494 Populus
1257 4429 1383 4482 Romanus
