2924 4918
750 259 949 345 Jusrnu.

295 431 378 496 sidio
393 433 511 496 Groeia
520 415 699 501 incendor.
723 429 848 494 Audito
862 430 946 512 regis
957 427 1090 512 irnperio
1100 427 1275 494 discessisse
1290 427 1406 508 cuceri,
1454 445 1455 514 g

296 519 354 580 soli
369 517 600 582 Laced'aemonii
617 517 844 580 remensirunt.
869 515 965 578 initio
981 515 1074 598 hujus
1089 515 1163 579 belli
1177 515 1406 580 sciscitantibus
1428 547 1436 564 ι

298 603 431 686 Delphis
454 603 589 676 oracula,
604 621 787 686 responsum
809 601 922 676 fuerat,
937 617 990 664 aut
1011 600 1077 682 regi
1098 599 1331 684 Spartanorum,
1350 615 1406 664 aut

296 690 367 750 urbi
384 687 570 751 cadendum.
615 686 658 750 Et
674 687 792 754 idcirco
806 707 864 749 rex
878 687 1033 763 Leonida,
1044 707 1116 750 cum
1132 687 1163 748 in
1174 686 1295 751 ,bellum
1309 687 1405 768 profi-

295 774 477 847 cisceretur,
492 773 536 836 its
551 793 625 836 suos
644 771 830 847 firmaverat,
848 788 883 836 ut
901 773 946 834 ire
968 793 1002 836 se
1025 785 1132 854 persto
1148 771 1189 834 ad
1207 769 1407 836 moriendum

295 859 401 939 animo
420 858 544 923 scirent.
590 856 764 940 Angustias
780 851 942 942 propterei
959 871 1175 938 occupaverat,
1189 875 1226 920 ut
1240 877 1312 920 cum
1327 878 1405 940 psu-

295 946 341 1008 cis
353 959 407 1008 cut
422 942 539 1040 majore
552 943 650 1026 gloriis
666 944 814 1022 vinceret,
829 958 883 1008 aut
899 942 1017 1004 minore
1033 943 1148 1004 damno
1161 941 1336 1024 reipublice
1352 963 1406 1006 ca-

296 1032 395 1094 deret.
441 1028 590 1092 Dimissis
606 1029 702 1110 igitur
721 1029 826 1104 sociis,
841 1029 981 1091 hortetur
1001 1027 1178 1110 Spartanos,
1195 1027 1408 1106 Memineriut,

293 1117 542 1200 qualitercunque
551 1114 776 1197 proeliantibus,
789 1113 954 1178 cudendum
968 1135 1052 1176 csse:
1074 1125 1225 1189 caverent,
1238 1111 1408 1196 nefortiics

294 1202 454 1273 mansisse,
465 1198 556 1286 qudm
566 1199 899 1263 dimicciccevideontur
906 1225 919 1268 ,·
931 1220 983 1262 nec
995 1199 1220 1280 expectandum,
1231 1209 1266 1260 ut
1275 1199 1314 1260 ab
1322 1202 1408 1262 noste

294 1287 597 1358 circumvenirentur,
611 1285 668 1348 sed
681 1285 753 1346 dum
767 1305 829 1348 nox
844 1285 1027 1350 occasionem
1041 1285 1139 1357 duret,
1154 1284 1272 1349 securis
1285 1297 1315 1346 et
1328 1286 1408 1348 lotis

201 1417 208 1438 .
292 1369 583 1454 superveniendum:
599 1391 746 1454 nusquam
762 1372 891 1432 victores
902 1368 1070 1444 berrennice,
1081 1366 1172 1452 qudrn
1183 1369 1339 1434 incastris
1352 1375 1408 1434 lio·

293 1463 386 1518 stium
395 1456 562 1541 periturus.
604 1455 696 1516 Nihil
711 1471 777 1516 erat
791 1454 915 1516 difficile
929 1455 1117 1536 persuadere
1134 1454 1289 1536 persuasis
1303 1457 1405 1521 mori:

294 1541 399 1604 statim
414 1538 659 1621 orma-''cupiunu
675 1557 706 1600 et
721 1540 858 1602 sexcenti
875 1539 946 1614 viti,
962 1553 1062 1602 castra
1078 1539 1318 1622 quingentorum
1333 1543 1405 1604 mil-

294 1629 372 1690 lium
399 1625 594 1708 irrumpunt;
617 1624 783 1705 statimque
805 1625 888 1706 regis
908 1625 1087 1708 pretorium
1112 1639 1231 1708 petunt,
1255 1640 1309 1688 aut
1331 1647 1407 1691 cum

294 1714 360 1788 illo,
375 1728 429 1774 aut
442 1711 468 1772 si
487 1709 546 1792 ipsi
562 1711 704 1792 oppressi
720 1723 834 1784 essent,
849 1708 880 1770 in
896 1710 994 1792 ipsius
1010 1709 1208 1792 potissimum
1221 1709 1295 1772 sede
1309 1713 1407 1776 mori·

294 1799 369 1862 turi.
412 1795 583 1859 Tumultus
598 1795 672 1858 totis
688 1795 797 1858 caetris
816 1795 926 1858 oritur.
971 1795 1124 1878 Spartani,
1139 1810 1339 1879 posteaquem
1356 1820 1407 1860 re-

295 1905 368 1968 gern
384 1904 445 1946 non
458 1881 629 1955 inveniunt,
644 1901 701 1964 per
714 1881 819 1940 omnia
834 1879 1076 1942 castrovictores
1087 1894 1256 1960 vagenture
1272 1883 1408 1962 credunt,

295 1981 496 2047 sternuntque
513 1965 635 2026 omnia:
664 1965 768 2044 utqui
785 1965 884 2024 sciant
898 1985 930 2024 se
952 1981 1090 2045 pugnare
1105 1985 1165 2024 uon
1183 1985 1238 2048 spe
1254 1966 1409 2047 victoriae,

294 2055 351 2116 sed
367 2053 399 2113 in
415 2049 524 2112 mortis
541 2050 701 2110 ultionem.
748 2049 895 2112 Praeliuur
919 2043 936 2108 ὲ
958 2047 1113 2130 principio
1126 2049 1285 2124 noctis5in
1306 2057 1408 2136 majo-

293 2159 361 2200 rem
384 2151 506 2220 partem
528 2133 606 2209 diei,
624 2148 769 2216 tractum.
815 2133 873 2196 Ad
892 2135 1084 2216 postremum
1106 2153 1168 2196 non
1189 2136 1221 2196 vi
1245 2137 1330 2214 victi,
1350 2141 1408 2204 sed

294 2223 449 2284 vincendo
475 2217 609 2300 fatigati,
635 2218 716 2280 inter
741 2220 883 2300 ingentes
904 2233 1072 2282 stratorum
1099 2218 1238 2284 hostium
1264 2237 1409 2288 catervas

294 2308 503 2370 ²occiderunt.
547 2303 685 2368 ³Xerxed
704 2305 844 2372 2duobus
866 2304 1045 2395 vulnerilpus
1068 2307 1207 2370 terrestri
1229 2309 1336 2391 praelio
1356 2331 1410 2375 ac-

295 2394 405 2478 ceptis,
420 2413 459 2454 ex
481 2388 555 2452 eriri
570 2390 664 2452 maris
680 2389 837 2461 fortunam
852 2389 976 2454 statuit.⁸
991 2407 1003 2464 t·

86 2547 90 2558 .
138 2501 269 2550 innuero·
339 2479 443 2542 CAP.
460 2413 539 2538 ltu.
572 2477 635 2538 Sed
652 2475 895 2540 Atheniensium
912 2475 1324 2544 dux³Themistoclescirm
1340 2483 1410 2546 ani·

136 2571 184 2616 ⁶10³
192 2569 286 2648 Persai
296 2563 514 2628 madvertisset
527 2562 631 2638 lonas,
646 2576 772 2645 propter
787 2583 866 2644 quos
881 2563 996 2626 bellum
1013 2562 1179 2628 Persarum
1195 2564 1410 2648 susceperant,

136 2637 327 2749 ssfflii‘ae'in
348 2650 499 2714 auxilium
516 2647 599 2728 regis
622 2648 719 2710 classe
735 2647 876 2720 venisse3
900 2647 1054 2712 solicitnre
1077 2671 1131 2710 eos
1153 2649 1185 2712 iu
1207 2665 1310 2732 partes
1330 2673 1408 2718 suns

155 2709 263 2750 eunuc.
295 2737 413 2800 statuit.
459 2733 514 2810 Et,
530 2729 605 2794 clim
621 2731 818 2814 colloquendi
834 2732 956 2811 copiam
969 2753 1030 2794 non
1045 2732 1183 2806 haberet,
1199 2755 1261 2814 quo
1277 2739 1409 2820 spplici-

294 2823 357 2884 turi
374 2835 471 2894 eraut,
486 2819 643 2900 symbolos
656 2815 796 2898 proponi,
812 2830 843 2875 et
858 2815 941 2876 saxis
957 2815 1107 2914 proscribi
1123 2833 1229 2880 curet:
1248 2817 1327 2908 Quo
1342 2845 1410 2903 voc,

275 2920 278 2926 ’
296 2909 391 2981 Iones,
406 2904 556 2968 dementia
571 2900 675 2963 tenet?
691 2897 900 2984 quodsuciuue
914 2897 1069 2982 agitatis?
1084 2901 1190 2964 bellum
1205 2903 1323 2988 insepre
1337 2913 1411 2974 olim

294 2992 512 3056 ⁴conditoribuc
527 2987 646 3066 vestris,
661 2997 759 3068 nuper
777 2987 867 3048 etiam
886 2985 1066 3067 vindicibus,
1081 2989 1224 3072 cogitatis
1256 3032 1266 3047 „
1277 2993 1329 3057 An
1344 2995 1411 3061 iden

703 3186 999 3252 rurunrnurnmo,

329 3356 554 3414 abrunculus
571 3356 664 3404 decim
678 3357 771 3418 pennu
790 3357 954 3419 terrestribus,
972 3359 1100 3415 constituit·
1113 3367 1210 3408 tentore
1229 3375 1262 3410 on
1280 3367 1413 3415 morsum

294 3423 481 3474 certaminibus
487 3423 594 3487 fhrrurro
603 3423 687 3489 magis
698 3420 793 3472 livent.

789 3577 904 3626 NOTAE.

329 3731 344 3778 1
362 3719 534 3791 Occidirvnti'
551 3730 622 3778 Duos
635 3728 730 3780 Xersis
743 3727 838 3780 fratres
861 3727 909 3779 bus
919 3728 1003 3780 Graeci
1015 3729 1205 3783 Themistoclis
1215 3740 1242 3782 et
1253 3734 1368 3786 consilio
1382 3743 1413 3787 et

295 3809 387 3846 contra
419 3797 560 3848 Leonidam
584 3807 732 3860 pugnantes
759 3813 839 3862 supra
860 3795 1016 3848 fortitudine
1034 3799 1147 3848 victores
1168 3800 1414 3862 extitirmt,unde

295 3866 354 3932 ejus
370 3862 481 3930 cndure'r
498 3863 669 3928 procubuisse
689 3863 837 3915 uerendi·
860 3879 886 3913 m
903 3863 1059 3916 Salaminios
1075 3865 1164 3916 latices
1184 3882 1243 3918 sese
1264 3872 1414 3933 recepere:

294 3935 348 3988 cit;
368 3926 467 3980 etcum
485 3933 586 3980 Xerxes
601 3945 647 3978 cor
666 3931 737 3980 illius
749 3931 839 3980 excidi
859 3931 1053 3982 Themistocles
1067 3932 1246 3986 adolescentii
1253 3933 1369 3986 deliciis
1383 3948 1415 3988 et

290 3998 426 4064 jussisset,
440 3997 554 4060 pilosum
568 3997 681 4047 invenit:
695 3999 734 4047 its
744 4000 815 4046 Plut.
861 3997 1015 4048 libidinibus
1031 3995 1134 4048 infamis
1143 3997 1240 4062 lucrm,
1252 4002 1301 4051 sed
1313 4001 1415 4068 poste&

328 4069 344 4119 2
367 4065 469 4116 Dirobns
491 4059 656 4126 vulneribus]
677 4065 724 4112 Bis
741 4063 839 4124 vietus,
861 4065 951 4128 pstriae
963 4065 1084 4114 columen
1097 4064 1234 4132 decusque
1245 4070 1349 4131 estitit.

294 4132 377 4182 semel
394 4133 419 4180 iu
441 4133 567 4180 montium
589 4129 719 4196 angustiis
742 4131 838 4180 iterum
892 4132 1092 4182 dicendine-ibus
1102 4131 1213 4196 cestrie]
1235 4136 1415 4188 Deucmionis

294 4205 375 4246 noctu
388 4197 414 4246 in
428 4196 531 4246 castris.
860 4195 928 4248 lilius
936 4199 1030 4248 Hellen
1038 4205 1092 4248 tres
1104 4199 1196 4250 habuit
1204 4199 1282 4264 lilios,
1291 4203 1416 4266 AEolum,

328 4265 344 4314 3
359 4261 549 4326 Thermitanus]
562 4262 659 4312 Omisit
667 4266 683 4313 J
686 4263 788 4314 ustinus
800 4279 841 4313 re·
860 4267 1005 4324 Dorum,et
1012 4265 1141 4326 Xuthum,
1151 4265 1196 4332 qui
1209 4269 1418 4332 patristhessu·

201 4359 202 4370 i
286 4331 391 4396 ‘petitos
404 4331 437 4380 acl
447 4333 627 4392 Artemisium,
637 4332 736 4382 Eubseae
749 4331 840 4381 insulae
861 4347 903 4381 cos
913 4333 1097 4395 depeculatus,
1111 4333 1137 4382 in
1147 4333 1265 4385 Atticum
1277 4337 1417 4408 profugit,

294 4399 509 4463 promontorium,
516 4399 738 4467 nnvalcspugnas,
746 4397 773 4448 in
783 4399 840 4465 qui·
861 4399 906 4452 ubi
924 4398 1032 4466 conditu
1046 4399 1192 4468 retincti,
1209 4417 1245 4454 ex
1260 4406 1369 4458 cressi
1386 4403 1419 4456 fi·

1122 4473 1128 4488 ¹
1273 4481 1285 4508 s
