2894 4920
579 321 582 330 ἢ
688 219 874 302 Jusrmr

234 392 395 478 regnavit;
417 387 484 475 qui,
498 392 549 456 'ab
564 391 595 458 0
632 389 694 456 beo
708 395 868 468 sacrorum
882 389 1061 454 solennibus
1075 387 1226 468 initiatus,
1241 387 1359 474 Pbry-

258 480 320 542 'sm
335 475 535 562 religluriibus
549 478 708 563 imperit:
725 480 839 562 quibus
850 478 947 542 tutior
957 477 1043 540 omni
1055 477 1130 549 viti,
1140 471 1236 556 quim
1248 476 1360 540 armis

234 498 306 630 ldie.
330 564 432 648 Igitur
442 563 636 641 Alexander,
647 566 734 648 capti
749 565 836 639 urbe,
844 561 919 626 crim
931 563 964 626 in
975 563 1125 645 templum
1136 560 1227 642 Jovis
1241 561 1359 624 renis·

234 667 293 723 set,
302 650 418 734 jugum
434 651 560 736 plaustri
576 647 692 714 Gordii
706 650 888 732 requisivit:
909 670 973 732 quo
988 647 1141 734 exhibito,
1155 667 1228 712 curu
1244 648 1360 730 capita

192 787 193 792 ,
233 736 487 814 intrimentorum,
502 737 583 802 intra
597 738 697 802 nodos
712 735 903 814 abscondita,
917 735 1054 818 reperire
1070 753 1131 796 non
1147 747 1264 816 posset,
1279 733 1358 796 vio-

233 821 349 885 lentius
364 825 488 886 oraculo
501 845 587 899 usus,
601 823 720 908 'gladio
732 823 903 886 loramento
916 821 1026 894 caedit3
1041 834 1145 904 atque,
1157 819 1210 898 ita,
1225 819 1356 882 resolu-

226 908 275 974 'tis
290 908 433 983 nexibus,
447 909 573 972 latentia
585 911 618 972 in
632 909 724 972 nodis
738 907 839 991 capita
853 905 983 970 invenit.
1188 965 1189 970 ,

76 1001 220 1052 lomentum
278 993 382 1057 CAP.
394 995 496 1074 vm.
527 995 605 1059 Haec
620 995 664 1058 illi
677 997 781 1078 agenti
800 993 970 1068 nuntiatur,
987 992 1123 1056 Darium
1138 1011 1211 1054 cum
1223 989 1356 1074 ingenti

77 1071 172 1128 ''M'’
184 1081 209 1119 θ’
235 1079 374 1142 exercitu
390 1081 566 1144 adventare·
610 1081 724 1162 ltaque'
744 1081 858 1151 timens
878 1078 1037 1162 angustias
1053 1077 1165 1160 magni
1185 1075 1354 1142 celeritate

77 1145 188 1185 ooooror.
210 1193 212 1201 ·
233 1166 390 1228 ³Taurum
406 1167 613 1231 transcendit:
637 1167 669 1228 io
685 1167 746 1248 qut
760 1164 957 1234 testinatione
973 1163 1141 1247 quingenta
1157 1161 1260 1226 studia
1275 1183 1353 1226 cur-

234 1271 274 1318 su
283 1249 368 1314 fecit.
392 1249 478 1314 cum
493 1251 645 1316 ⁴Tarsum
657 1251 803 1328 venisset,
818 1264 926 1334 captus
940 1249 1059 1331 ⁵Cydui
1070 1246 1208 1314 fluminis
1219 1249 1353 1327 amoeni·

233 1350 308 1414 tate,
329 1358 385 1420 per
399 1337 537 1400 mediam
557 1339 666 1402 urbem
683 1336 851 1413 influentis,
865 1335 1011 1420 projectis
1031 1335 1139 1424 armis,
1152 1334 1262 1416 plenus
1278 1333 1354 1418 pul-

233 1423 318 1486 veris
333 1443 368 1486 ac
383 1423 518 1499 sudoris,
530 1422 561 1486 iu
577 1421 788 1508 praelrigidam
802 1423 919 1487 undam
938 1441 972 1484 se
994 1421 1137 1505 projecit.
1180 1419 1283 1484 ²Tum
1299 1441 1356 1484 re·

234 1503 328 1591 pente
344 1522 447 1570 tantus
456 1529 574 1582 ¹uersos
590 1510 659 1592 ejus
673 1508 838 1590 occupavit
852 1507 949 1590 rigor,
962 1522 997 1573 ut
1011 1507 1177 1570 interclusi
1192 1525 1269 1568 voce
1285 1527 1355 1576 nom

233 1615 306 1678 spes
321 1592 418 1657 modi>
433 1594 578 1671 remedii,
592 1597 649 1659 sed
664 1616 721 1658 nec
736 1595 845 1657 dilatio
858 1593 988 1678 periculi
1004 1593 1206 1658 inveniretur·
1248 1591 1355 1659 Unus

235 1694 302 1744 erat
315 1701 356 1742 ex
369 1679 512 1755 medicis,
527 1681 654 1762 nomine
670 1679 844 1764 Philippus,
856 1670 912 1764 qui
927 1680 1012 1742 solus
1027 1679 1204 1744 remedium
1219 1677 1354 1766 pollice-

234 1780 341 1830 returr
362 1766 421 1834 sed
444 1781 475 1829 et
497 1767 601 1850 ipsum
626 1766 842 1849 Parmenionis
863 1762 965 1850 pridie
988 1759 1222 1846 iCappadocii
1237 1765 1357 1832 ,missa

227 1851 372 1935 epistolae
385 1863 564 1936 suspectum
579 1852 749 1918 faciebant:
774 1853 840 1934 qui,
854 1853 982 1934 ignarus
1002 1850 1190 1914 infirmitatis
1206 1849 1352 1916 Alexan-

234 1937 298 2010 dri,
312 1938 488 2021 scripserat,
503 1934 520 1996 ὲ
537 1937 681 2021 Philippo
695 1938 820 2001 medico
831 1951 965 2014 caveret,
979 1957 1051 1998 nam
1067 1951 1247 2019 corruptum
1257 1935 1354 2000 illum

235 2017 255 2082 al
271 2021 370 2084 Dario
383 2023 499 2104 ingenti
512 2023 641 2105 pecuuii
655 2043 734 2086 esse.
771 2021 887 2104 Tutius
902 2037 1006 2084 tameo
1022 2036 1070 2086 est
1083 2038 1181 2099 ratus,
1195 2022 1299 2086 dubiae
1313 2043 1354 2086 se

235 2107 311 2170 fidei
326 2107 442 2176 meisi
462 2107 601 2183 credere,
616 2105 710 2192 quim
734 2108 911 2172 indubitato
923 2109 1032 2172 morbo
1045 2109 1158 2192 perire.
1205 2112 1355 2192 Accepto

234 2192 336 2274 igitur
348 2193 473 2276 poculo,
487 2192 632 2276 epistolas
652 2189 776 2266 medico
795 2193 945 2276 tradidit3
968 2209 1061 2276 atque
1075 2195 1129 2271 ita,
1145 2193 1225 2256 inter
1240 2193 1355 2256 hiben-

236 2279 326 2356 dum,
340 2277 447 2344 oculos
461 2280 494 2342 in
509 2279 631 2344 vultum
642 2281 773 2362 legentis
785 2281 927 2344 intendit.
951 2279 1001 2346 Ut
1011 2292 1159 2344 securum
1174 2282 1356 2365 conspexit,

235 2365 335 2428 laetior
349 2365 449 2428 factus
460 2379 527 2440 est;
543 2366 767 2450 sanitatemque
779 2367 889 2449 quarti
903 2367 956 2429 die
970 2367 1097 2449 recepit.

78 2445 187 2526 Itanon
281 2449 384 2513 CAP.
402 2451 463 2514 IX.
487 2449 611 2515 Interes
626 2453 742 2516 Darius
758 2474 832 2516 cum
846 2450 1095 2536 ⁶quadringeutis
1107 2453 1244 2519 millibus
1257 2453 1354 2536 pedi-

77 2521 315 2632 ffifgmtum,
330 2559 366 2600 ac
377 2541 501 2603 centum
517 2539 654 2612 millibus
665 2539 820 2622 equitum,
834 2538 866 2601 in
882 2540 981 2603 aciem
996 2538 1147 2622 procedit.
1193 2538 1355 2604 Movebat

78 2643 187 2696 01.111.
199 2645 224 2696 4,
238 2625 306 2686 baec
319 2624 488 2687 multitudo
507 2625 655 2702 bostium,
674 2641 817 2710 respectu
832 2623 996 2708 paucitatis
1011 2645 1084 2701 suae,
1105 2623 1354 2690 Alexandrumr

78 2711 229 2764 venemo.
238 2717 294 2772 sed
306 2711 462 2774 interdum
478 2713 652 2792 reputabat,
662 2725 792 2794 quantus
804 2731 853 2772 res
864 2731 937 2774 cum
947 2710 1006 2772 ista
1015 2709 1168 2793 paucitate
1181 2711 1332 2794 gessisset
1339 2739 1352 2786 ;

78 2781 228 2835 Antcsssl.
238 2811 432 2878 quantosque
446 2797 577 2881 populos
591 2795 737 2860 fudisset.
761 2797 883 2880 Itaque,
892 2793 967 2859 crim
982 2817 1053 2881 spes
1068 2783 1187 2862 melum
1197 2796 1353 2880 vinceret,

641 2967 941 3020 rurenrsnrnrro,
1022 3045 1025 3048 Ι

270 3124 359 3172 aTum
371 3121 483 3174 corrinnei
494 3127 532 3172 ito
542 3125 614 3172 nmio
623 3121 726 3188 frigore
736 3126 807 3174 nervi
822 3127 876 3189 q'oo
889 3126 1012 3180 emnerii
1020 3135 1086 3180 runt,
1099 3137 1196 3176 urmes
1211 3127 1352 3176 bitenius&

235 3188 563 3323 ἷιῃοὲξιιιεηιᾶἰλενξίἶῶιωιῶἰ
573 3205 621 3240 non
631 3198 792 3256 superesset,
802 3193 848 3243 red
856 3208 901 3260 roeo
910 3195 1062 3246 monstretur
1070 3193 1201 3260 quomodo
1209 3195 1351 3259 periculum

728 3389 844 3480 lthTAEl
881 3440 890 3454 '¹

268 3581 283 3630 1
304 3583 344 3629 Ab
360 3579 482 3648 Orpheo]
503 3581 554 3639 Qui
571 3581 663 3632 Threx
679 3596 775 3648 genere
799 3583 934 3646 tumoris
945 3583 1057 3636 sortitur
1068 3583 1188 3640 nomina:
1207 3585 1350 3641 incilicia

232 3647 292 3708 fuit,
302 3647 434 3711 calliopes
445 3649 615 3714 etripollinis
625 3648 707 3712 filius,
717 3652 777 3700 Mu·
797 3655 919 3710 Taurum
938 3653 966 3702 in
981 3653 1109 3704 Armenia
1125 3646 1297 3712 Antitslurose
1318 3656 1350 3708 iu

233 3715 572 3782 sicuset'Po'e'tsinsignisr
585 3715 620 3766 de
631 3731 684 3783 quo
695 3718 776 3770 multo
797 3719 872 3785 Syria
890 3722 1021 3783 Amanus;
1041 3719 1068 3770 in
1088 3721 1280 3785 Mesopotamia
1298 3723 1351 3774 Ni·

232 3785 319 3846 poetro
329 3782 471 3847 commenti
482 3790 552 3834 sunt.
797 3788 906 3851 piarem
922 3787 951 3845 ⁴in
970 3786 1057 3839 Iberis
1075 3789 1208 3838 caucasus
1230 3787 1353 3845 elicitur,¹

265 3853 386 3902 solado
405 3847 559 3913 loramento]
583 3849 720 3913 Arrianus,
741 3867 775 3902 ex
797 3869 865 3905 nunc
881 3855 1013 3906 Cor-amarr-
1115 3889 1116 3892 =

231 3917 387 3968 Aristobulo
408 3917 500 3966 scribit
518 3917 708 3978 Alexandrum,
731 3933 775 3971 ex·
829 3919 987 3985 Hor-som]
998 3919 1096 3972 Urbem
1109 3919 1349 3987 Ciliciaepraecipu-

231 3995 320 4048 empto
332 3983 429 4050 paxillo
442 3981 568 4046 (temonis
580 3999 637 4036 erat
649 3988 671 4035 is
684 3985 774 4035 clarus
796 4001 837 4037 am
847 3987 882 4038 sd
890 3988 1020 4052 Cydnum,
1031 3991 1116 4038 Toroo.

230 4048 335 4117 ligneus
351 4065 399 4118 per
411 4051 528 4107 medium
542 4061 672 4118 temonem
682 4047 775 4116 trajec-
826 4055 845 4110 5
860 4055 956 4119 Cydro]
980 4057 1031 4114 Qui
1046 4057 1171 4113 Tarsum,
1186 4053 1277 4122 nigros
1288 4055 1347 4108 rol·

231 4123 287 4178 tus,
310 4119 353 4170 coi
378 4117 513 4170 vinculum
539 4121 677 4170 astrictum
698 4119 772 4184 erat)
795 4135 858 4172 vens
868 4137 961 4188 squas,
972 4119 1136 4187 praeterfluit.
1229 4149 1231 4156 ι
1262 4125 1264 4130 “

226 4183 323 4251 jugum
335 4187 431 4238 temoni
443 4184 599 4236 detraxisse.
645 4225 646 4232 ,
829 4189 845 4238 6
858 4191 1053 4254 Quadringentis
1069 4189 1190 4252 millibus]
1211 4188 1346 4242 Arrianus

264 4251 281 4302 3
303 4253 414 4304 Tamum
433 4250 604 4316 transcendit]
636 4254 713 4305 Mons
730 4261 774 4306 est
795 4267 919 4308 sexcenta
930 4257 1024 4308 millit=
1037 4255 1082 4306 alii
1093 4255 1346 4321 peditumibomil·

230 4317 300 4366 Asiae
314 4321 457 4378 maximone
477 4316 493 4370 d
510 4321 597 4386 Lycii,
608 4319 652 4370 ubi
671 4319 773 4388 incipit,
794 4321 1282 4390 tia,squttun100militonumerant.

230 4383 265 4434 ad
276 4385 405 4438 occasum
416 4401 502 4454 usque
517 4389 650 4442 mortum
661 4387 775 4462 perduo-
1260 4429 1263 4437 ·
