2894 4920
713 244 900 344 Jusrtut

150 457 157 466 ·
261 431 358 518 pienti
373 432 548 516 percussori
564 450 661 516 equos
676 435 800 514 quoque
812 439 997 514 praeparatos
1009 425 1128 490 babuit.
1152 410 1373 521 lptad‘einde,

260 519 366 582 auditi
380 519 464 602 regis
478 533 564 595 nece,
579 539 651 583 cum
672 519 771 586 titulo·
783 519 875 580 officii
895 517 936 578 ad
956 512 1105 595 exequias
1120 516 1319 608 cucurrisset,
1337 529 1373 568 m

262 623 354 668 cruce
373 604 537 687 pendentis
559 603 720 668 Pausania
742 605 848 687 capiti,
860 601 972 666 eedem
988 613 1078 661 nocte
1093 615 1155 681 qua
1169 607 1266 668 venit,
1279 613 1374 654 coro-

261 709 335 768 nam
354 705 480 753 auream
501 691 668 774 imposuit:
692 692 777 773 quod
791 709 885 752 nemo
906 687 985 750 alius
1001 685 1127 760 audere,
1141 681 1200 743 nisi
1221 677 1301 755 bae,
1316 697 1372 742 su·

261 777 389 860 perstite
407 773 541 860 Philippi
554 775 630 854 filio,
644 775 805 860 potuisset.
839 776 960 837 Paucos
975 771 1089 834 deinde
1100 781 1171 852 post
1185 767 1265 841 dies,
1276 764 1372 826 refix-

262 883 318 926 unt
333 881 445 946 corpus
459 861 666 927 interfectoris
687 883 781 945 super
799 861 947 944 reliquias
963 857 1065 920 mariti
1082 855 1250 918 cremavit-t
1273 866 1307 913 et
1321 863 1374 950 tu·

261 947 383 1014 mulum
404 948 435 1010 ei
458 951 570 1012 eodem
590 947 665 1016 fecit
683 949 715 1010 in
737 949 817 1022 loco,
832 946 1049 1029 parentat-ique
1071 941 1175 1004 eidem
1194 951 1374 1020 quotannis,

262 1033 385 1096 incuset
399 1033 514 1116 populo
529 1034 758 1118 superstitione,
778 1033 909 1096 curavit.
954 1031 1030 1094 Post
1044 1029 1110 1092 haec
1127 1025 1340 1107 Cieopatram,
1355 1019 1372 1082 ὲ

262 1122 323 1202 quai
335 1120 424 1202 pulsa
441 1117 576 1203 Philippi
593 1119 793 1186 matrimonio
807 1117 919 1194 fuerat,
933 1117 965 1178 in
979 1111 1102 1200 gremio
1117 1111 1186 1197 ejus
1202 1107 1291 1193 priua
1309 1107 1374 1173 fitis
1436 1136 1437 1155 ¹

260 1203 540 1281 intermutatione
561 1206 659 1270 vitam
682 1205 862 1288 ¹suspendio
884 1202 1000 1285 coligit,
1021 1197 1272 1284 espectacutoque
1296 1213 1373 1278 pen-

262 1289 364 1352 dentis
379 1290 529 1352 ultionem
541 1292 640 1374 potita
653 1307 710 1366 est,
720 1293 864 1372 adquam
877 1307 934 1372 per
941 1285 1144 1371 parricidium
1160 1281 1373 1346 festinaverat.-

262 1375 447 1438 Novissime
459 1373 609 1458 gladium,
623 1375 687 1459 qud
699 1375 756 1439 rex
768 1384 934 1460 percussus
946 1387 1004 1449 est,
1016 1370 1157 1454 Apollini
1173 1369 1233 1434 sub
1246 1367 1375 1430 nomine

262 1459 413 1544 Myrtalis
428 1463 637 1526 consecravit:
654 1463 712 1525 hoc
726 1462 810 1523 enim
819 1481 934 1522 nomen
943 1473 1011 1522 ante
1018 1456 1221 1541 Olympiadis
1236 1455 1374 1538 parvula

175 1547 179 1553 ’
261 1545 333 1610 tuit.
377 1544 460 1621 Quae
474 1549 579 1610 omnia
596 1546 638 1612 ita
653 1547 753 1632 palam
770 1545 851 1608 facts
864 1559 947 1622 suut,
959 1559 994 1608 ut
1006 1543 1151 1626 timuisse
1167 1541 1325 1620 videatur,
1336 1558 1374 1602 ne

211 1695 217 1710 ,
261 1631 382 1694 facinus
398 1634 435 1694 ab
451 1635 487 1694 ea
502 1635 707 1697 commissum
720 1651 782 1696 non
798 1633 992 1716 probaretur.

104 1693 251 1814 ww?
306 1715 410 1782 CAP.
425 1717 524 1782 VIII.
543 1719 689 1784 Decessit
702 1719 863 1802 Philippus
879 1737 922 1780 xi,
938 1733 1036 1780 etun
1051 1731 1215 1790 annorum,
1231 1715 1305 1776 curo
1320 1731 1374 1777 an⁴

105 1829 205 1898 ,mg
262 1805 425 1868 nisxxvre
450 1809 561 1869 nisset.
592 1807 710 1870 Genuit
719 1827 759 1868 ex
770 1806 914 1868 Larisaea
924 1804 1076 1867 saltatrice
1087 1797 1186 1866 illium
1196 1791 1374 1876 Andaeum,

262 1891 317 1974 qui
333 1906 403 1974 post
454 1891 638 1954 laxandrum
651 1893 803 1975 regnavit.
829 1889 949 1952 Habuit
964 1901 995 1951 et
1006 1891 1084 1952 alios
1097 1889 1214 1951 multos
1225 1905 1267 1948 ex
1277 1885 1375 1948 variis

261 1973 469 2040 matrimoniis
485 1975 572 2059 regio
588 1998 674 2058 more
691 1989 862 2058 susceptos,
874 1978 927 2058 qui
944 1976 1056 2058 partim
1069 1972 1144 2052 lato,
1159 1970 1272 2056 partim
1287 1969 1375 2034 ferro

225 2117 228 2125 .
261 2058 397 2144 periere.
422 2061 497 2123 Fuit
508 2081 564 2122 rex
580 2079 738 2126 armorum
754 2081 847 2142 quam
864 2063 1080 2124 conviviorum
1096 2053 1293 2144 apparatibus
1309 2072 1374 2120 stu-

261 2145 399 2210 diosior:
418 2147 469 2208 cui
484 2149 630 2210 maxima
643 2168 717 2231 opes
733 2160 820 2210 erant
837 2147 1039 2210 instrumenta
1052 2145 1223 2208 bellorumz
1246 2141 1375 2206 divitia·

260 2233 332 2314 rum
348 2247 471 2314 quaeetu
487 2253 580 2316 quarn
604 2235 745 2298 custodia
767 2235 927 2296 solertior:
952 2233 1056 2316 itaque
1078 2233 1158 2314 inter
1175 2228 1374 2312 quotidianas

260 2319 384 2402 rapinas
394 2339 517 2400 semper
527 2318 614 2402 sstops
624 2335 699 2383 erat.
724 2319 948 2384 Misericordia
958 2320 988 2382 in
998 2341 1036 2382 eo
1046 2333 1077 2383 et
1087 2316 1214 2402 perfidia
1223 2313 1290 2398 pari
1297 2314 1387 2399 jure‘

260 2399 395 2466 dilectae.
422 2405 518 2467 Nulla
530 2409 613 2488 apud
629 2427 700 2470 eum
715 2405 814 2489 turpis
829 2407 909 2470 ratio
920 2405 1077 2482 vincendi.
1102 2403 1241 2484 Blandus
1256 2402 1375 2484 paritet

261 2505 293 2552 et
304 2489 473 2574 insidiosus
486 2493 639 2573 alloquio:
657 2496 709 2576 qui
722 2495 809 2574 plura
825 2495 1030 2576 promitteret,
1039 2509 1133 2574 quam
1148 2499 1328 2572 praestarett
1345 2488 1375 2549 in

261 2573 342 2638 seria
355 2593 386 2638 et
397 2575 488 2660 jocos
498 2577 621 2664 artifex.
646 2580 815 2642 Amicitias
827 2581 968 2654 utilitate,
979 2599 1040 2641 non
1054 2577 1115 2640 fide
1125 2575 1252 2638 colebat.
1276 2569 1374 2636 ¹’Gra-

245 2659 338 2726 'tiam
358 2661 474 2744 fingere
499 2663 530 2724 in
552 2663 638 2743 odio,
660 2663 814 2728 instruere
839 2663 919 2728 inter
941 2667 1162 2727 concordantes
1184 2660 1268 2736 odia,
1288 2659 1374 2743 apud

261 2757 431 2826 utrumque
449 2747 580 2828 gratiam
596 2771 748 2832 quaerere,
762 2751 897 2812 solennis
913 2751 956 2811 illi
972 2747 1173 2812 consuetodo.
1206 2743 1293 2807 Inter
1309 2747 1376 2808 haec

175 2867 180 2876 x
260 2831 437 2910 eloquentia
452 2831 592 2917 insignis,
603 2837 703 2897 oratio
719 2837 870 2898 acuminis
886 2852 917 2898 et
933 2835 1065 2900 solertia
1077 2833 1182 2915 plena3
1199 2841 1235 2892 ttt
1250 2835 1308 2894 nec
1323 2853 1375 2896 or·

260 2918 347 2980 natui
363 2914 506 2996 facilitas,
518 2941 579 2982 nec.
586 2918 726 2982 facilitati
738 2921 887 3000 inventio,
895 2944 952 2984 nec
968 2917 1136 2984 inventioni
1146 2918 1269 2980 deesset
1280 2937 1374 2982 orna·

261 3015 323 3067 tus.
369 2999 454 3066 Huic
471 2997 753 3073 Alexander'filius
773 3009 933 3086 successit,
948 3023 978 3068 et
992 3003 1105 3066 virtute
1129 3017 1160 3064 et
1175 3002 1261 3086 vitiis
1284 3019 1375 3087 patre

260 3089 374 3173 major.
411 3087 528 3171 ,Itaque
549 3089 693 3153 vincendi
715 3093 796 3154 ratio
818 3093 942 3172 utrique
958 3089 1100 3158 diversa:
1123 3088 1175 3150 hic
1198 3103 1304 3171 aperte
1323 3091 1374 3153 ille

261 3177 380 3238 artibus
393 3172 470 3236 bella
486 3175 643 3238 tractabat.
669 3179 818 3260 Deceptis
830 3171 880 3238 illc
893 3175 1034 3258 gaudere
1042 3173 1193 3248 hostibus,
1203 3174 1253 3237 hic
1268 3177 1373 3258 palam

166 3255 169 3265 '
259 3258 352 3328 fusis.
388 3259 576 3323 Prudentior
587 3263 637 3324 ille
653 3265 793 3341 consilio,
805 3263 856 3322 hic
868 3259 972 3324 animo
987 3258 1246 3342 magnificentior.
1284 3261 1373 3326 Iram

262 3359 351 3430 patet
365 3344 561 3410 dissimulare
577 3347 760 3434 plerumque
776 3349 872 3410 etiam
887 3347 1031 3411 vincere:
1047 3345 1109 3426 hic,
1123 3347 1178 3410 ubi
1193 3347 1373 3430 exarsisset,

608 3631 610 3636 ¹
665 3563 963 3617 luranenarnrro.

294 3703 802 3784 arotuirqacapecrarepmamtnnesaan
858 3717 875 3768 b
898 3719 996 3782 semper
1014 3691 1106 3778 solebat
1120 3707 1222 3782 fingere
1242 3731 1330 3768 amare
1347 3733 1373 3769 aa

260 3777 448 3842 Cleopatram„
457 3789 527 3850 eujus
549 3795 646 3836 martem
670 3789 803 3850 cogitabat,
825 3803 942 3850 eos.·qaos
953 3787 1005 3834 otIt'o
1017 3786 1129 3845 babebat,
1140 3797 1164 3834 et
1175 3795 1255 3834 terere
1267 3787 1373 3836 &aaa

259 3842 502 3966 grammarian
514 3855 628 3904 ommate
652 3853 801 3919 Philippum
824 3857 999 3972 apameae,
1011 3861 1151 3918 sequerere
1162 3855 1292 3917 urnasque
1303 3853 1374 3906 bena

752 4073 867 4122 NOTAE.
926 4037 928 4042 =
972 4073 973 4082 ’

290 4220 308 4268 1
323 4222 458 4295 daopenpl'o
470 4223 569 4288 coegit]
590 4221 662 4274 Filiae
673 4229 801 4290 suscepte
815 4225 887 4279 dato
898 4225 1007 4293 periisse
1018 4225 1094 4277 testis
1105 4233 1146 4277 est
1155 4219 1311 4284 Pausaniam
1325 4241 1373 4278 eu·

258 4283 275 4334 a
287 4286 408 4351 Plulippo
419 4306 469 4340 non
478 4290 596 4342 meminit
604 4291 744 4354 Diodorus,
752 4293 800 4342 sed
819 4293 871 4360 jus¹
879 4295 996 4344 criminis
1008 4299 1036 4346 et
1048 4292 1227 4343 Alexandrum
1238 4299 1267 4344 et
1281 4293 1373 4360 Olym·

257 4353 395 4430 parvulum
412 4358 557 4422 Cleopatrae
569 4355 652 4408 filiurn
670 4357 723 4409 una
739 4373 798 4410 cum
824 4359 928 4427 piadem
939 4360 1059 4418 conscios
1070 4349 1327 4428 tacitrlutarehua„

256 4427 341 4471 matre
358 4435 385 4471 tn
399 4437 460 4476 vase
479 4441 547 4480 aneo
564 4424 673 4494 ignibus
688 4426 800 4480 eircum-
893 4467 894 4472 κ
958 4473 970 4487 ,
1110 4443 1114 4448 ’
1234 4441 1238 4474 '·
