2906 4902
426 274 517 344 ala.
533 275 623 342 XLI.
652 273 768 342 ,CAP.
783 275 828 342 V.

81 451 219 518 1incerta
239 447 440 536 originario
460 447 584 514 virtutis
606 463 747 532 experta.
788 447 868 512 ειΗὶε
888 445 997 512 solitus
1017 447 1174 514 latrocinii

81 551 116 600 et
136 551 225 620 rapto
243 537 361 614 vivere,
375 537 497 618 accepti
517 534 670 616 opinione,
690 535 854 600 Seleucum
874 531 1024 598 ²a⁴Gallis
1046 533 1078 596 in
1095 529 1175 600 Asia

83 620 214 699 victum,
232 620 350 698 solutus
371 621 458 706 regis
469 627 567 694 'metm
581 638 651 682 cnm
671 623 850 703 praedonum
870 640 962 682 manu
984 619 1112 684 Parthos
1130 621 1175 680 in·

84 728 220 789 gressus,
234 707 412 790 prefectum
431 725 540 770 eorum
554 699 785 789 ³Andragoram
800 705 971 789 oppressit3
994 706 1174 784 sublatoque
1185 731 1330 783 magog),

84 813 134 870 eo,
146 793 309 876 imperium
326 792 425 874 gentis
440 790 562 870 invasit.
609 787 681 854 Nou
695 811 808 874 magno
823 789 937 854 deinde
952 789 1024 873 pdst
1039 797 1223 872 temporeol.
1238 799 1291 850 133.
1304 801 1329 847 4.

84 877 303 964 Hyrcanorum
315 884 439 960 quoque
451 897 582 958 regnum
595 877 770 960 occupavit:
788 892 880 962 atque
896 877 938 938 ita
953 879 1086 940 duarum
1101 874 1176 936 cini·
1186 862 1335 914 Uib-⁰5⁰⁸·

84 973 183 1044 tatum
195 963 327 1046 imperio
341 963 499 1044 praeditus,
511 963 658 1044 grandem
669 962 839 1024 exercitum
854 977 951 1045 parat,
959 977 1045 1024 metu
1057 960 1179 1044 Seleuci
1187 931 1335 982 ΛΜΨ·

68 1061 115 1109 -et
128 1047 300 1124 ‘Theodoti
321 1048 556 1118 Bactrianorum
577 1048 669 1132 regis.
713 1045 774 1109 Sed
797 1046 873 1124 cito,
891 1062 991 1110 morte
1011 1045 1180 1122 Theodoti,

83 1147 172 1196 metu
186 1135 352 1207 liberatus;
367 1153 439 1196 cum
453 1133 517 1196 filio
532 1132 599 1216 ejus
613 1148 642 1196 et
657 1133 725 1216 ipso
735 1131 901 1198 Theodoto
912 1132 1011 1196 foedus
1023 1155 1061 1196 ac
1071 1151 1180 1216 pacem

82 1217 177 1284 fecit:
204 1239 262 1280 nec
277 1215 376 1282 multd
396 1216 477 1302 pdst,
490 1239 562 1281 cum
584 1217 711 1284 Seleuco
730 1239 816 1300 rege,
830 1219 870 1282 ad
889 1215 1062 1282 defectores
1077 1239 1179 1302 perse-

83 1303 226 1383 quendos
246 1306 399 1392 venientes
420 1308 624 1393 ⁵congressus,
639 1303 738 1367 victor
759 1303 836 1380 fuit:
859 1326 954 1387 quem
969 1305 1055 1368 diem
1076 1305 1182 1370 Parthi

83 1387 199 1454 exinde
214 1388 384 1467 solennem,
395 1391 481 1454 velut
496 1390 622 1452 initium
630 1390 790 1467 libertatis,
804 1391 977 1454 observant.

128 1472 228 1537 CAP.
244 1475 287 1539 V.
313 1474 472 1538 Revocato
485 1475 599 1538 deinde
613 1473 742 1539 Seleuco
754 1476 844 1539 novis
858 1477 994 1542 motibus
1009 1478 1040 1540 in
1057 1477 1182 1557 Asiam,
1191 1485 1294 1534 Arsacia
1303 1477 1339 1533 vt:

82 1556 174 1624 bclato
187 1561 374 1636 laxamento,
384 1578 517 1644 regnum
532 1561 705 1626 Parthicum
720 1559 844 1639 format,
863 1563 995 1627 militem
1015 1563 1101 1646 legit,
1116 1587 1181 1630 cas·
1191 1563 1217 1602 “¹
1226 1561 1250 1602 θ’
1261 1566 1330 1601 more.

83 1645 157 1708 tella
177 1646 287 1721 munit,
308 1645 449 1709 civitates
470 1645 589 1708 firmat:
611 1647 717 1708 urbem
741 1668 865 1728 quoque
886 1650 1025 1712 ⁶nomine
1052 1652 1183 1730 Daram,
1223 1705 1224 1708 ,

84 1729 118 1794 in
135 1744 239 1794 monte
257 1729 474 1816 Zapaortenon
489 1731 611 1794 condit:
625 1730 714 1813 cujus
728 1730 788 1792 loci
803 1750 841 1794 ea
855 1733 992 1796 conditio
1008 1749 1065 1813 est,
1078 1753 1115 1802 ut
1130 1759 1183 1799 ne·

84 1839 149 1900 que
164 1818 316 1880 munitius
328 1815 495 1900 quicquam
505 1837 584 1890 esse,
595 1831 692 1896 neque
705 1815 852 1879 amoenius
863 1819 970 1898 possit.
994 1819 1043 1883 lta
1057 1824 1185 1888 enimet
1283 1869 1286 1876 -
1323 1890 1327 1898 ,

70 1901 391 1986 -praeruptis-rupibus
403 1902 540 1984 undique
551 1901 694 1983 cingitur,
705 1914 739 1964 ut
749 1901 845 1966 tutela
857 1903 917 1978 loci
932 1903 1025 1968 nullis
1039 1897 1183 1972 defenso-

71 1990 173 2052 -ribus
188 1992 293 2070 egeat:
319 2003 350 2051 et
365 1989 423 2050 soii
438 1983 681 2071 circumjacentis
695 1985 915 2057 tantaubertas
929 2005 987 2068 est,
999 2002 1037 2054 'ut
1051 1997 1184 2077 propriis

71 2076 198 2158 -opibus
212 2073 383 2157 expleatur.
420 2074 491 2153 Jarn
507 2069 637 2136 fontium
652 2093 687 2134 ac
702 2073 859 2154 sylvarum
874 2095 912 2136 ea
928 2077 1017 2158 copia
1031 2093 1090 2156 est,
1104 2097 1139 2145 ut
1153 2099 1186 2148 et

86 2179 240 2242 aquarum
251 2159 437 2222 abundantii
452 2157 607 2240 irrigetur,
615 2172 644 2220 et
658 2159 856 2223 venationum
870 2155 1079 2244 'voluptatibus
1094 2187 1184 2230 exor-

73 2243 189 2316 netur.
211 2244 262 2306 Sic
272 2243 1069 2328 Arsacea,quaesitosinrulconstitutoqueregnc,non
1081 2251 1185 2316 mincis

84 2331 298 2398 memorabilis
309 2329 442 2406 Parthis,
456 2325 549 2410 quim
565 2320 665 2390 Persis
677 2328 790 2410 Cyrus,
802 2329 1031 2396 Macedonibus
1047 2334 1186 2400 Alexan.

85 2417 157 2494 der,
173 2417 324 2480 Romanis
339 2413 505 2490 Romulus,
519 2414 636 2476 maturi
650 2427 806 2474 senectute
822 2415 963 2479 decedit.x
1001 2417 1101 2503 Cujus
1120 2445 1186 2486 me.

84 2503 196 2569 m'oriae
215 2502 296 2564 hunc
310 2503 459 2562 honorem
474 2498 580 2562 Parthi
593 2497 777 2576 tribuerunt,
792 2513 828 2560 ut
845 2519 953 2563 omues
968 2504 1082 2566 exinde
1096 2527 1187 2591 reges

86 2609 163 2652 snos
179 2586 305 2652 Arsacis
319 2585 444 2650 nomine
458 2597 643 2666 nuncupent.
672 2583 787 2666 ,Hujus
804 2585 884 2646 filius
899 2599 931 2647 et
945 2608 1104 2654 successor
1117 2614 1187 2676 reg·
1294 2580 1296 2588 '

86 2675 133 2751 ni,
154 2671 291 2736 Arsaces
312 2685 344 2736 et
366 2671 431 2753 ipse
452 2669 600 2747 'nomina
613 2666 778 2732 ‘adversita
794 2669 987 2734 Antiochiam
1002 2673 1132 2739 Seleuci
1152 2679 1188 2746 fi-

85 2763 180 2840 lium,
194 2771 319 2824 centum
333 2757 469 2821 millibus
487 2755 638 2841 peditum,
654 2768 684 2818 et
699 2753 811 2839 viginti
830 2755 966 2822 millibus
985 2761 1127 2844 equitum
1143 2761 1189 2827 iu·

491 2907 786 2982 rnrharasrnrio.

123 3071 199 3120 aHi'c
210 3069 293 3118 solitus
303 3071 387 3118 mucre
404 3067 537 3115 latrociniis
552 3073 576 3114 et
591 3081 630 3114 ra-
651 3066 757 3115 donibus.

83 3140 163 3202 pinis,
172 3134 224 3186 crim
235 3135 353 3186 audiisset
371 3136 494 3182 Seleucum
504 3137 592 3181 metum
604 3135 630 3180 in
684 3132 792 3182 baccea
806 3145 855 3197 per
870 3133 977 3200 aliquod
990 3141 1093 3200 tempus
1104 3135 1121 3188 a
1134 3140 1192 3188 belle
1245 3167 1247 3170 -

87 3208 154 3254 Arici
170 3203 189 3254 d
204 3205 282 3252 Gallis
294 3201 386 3266 fidere,
402 3205 456 3262 jam
474 3201 568 3268 Regem
583 3206 630 3248 non
650 3203 832 3263 antonianae,
851 3205 975 3252 constituit
994 3205 1107 3267 Regnum
1126 3207 1193 3254 Par-

88 3272 317 3334 timeac,iagresaua
324 3277 362 3317 eat
372 3267 502 3316 Parthiam
512 3281 564 3318 cnm
570 3273 630 3332 pre·
651 3267 750 3314 tamum.

581 3375 693 3438 nora.

122 3489 253 3540 lhrcertae
271 3483 397 3554 anginis]
415 3487 491 3538 Hunc
507 3485 630 3552 scytham
650 3485 713 3536 dum
734 3486 846 3538 victores
865 3486 933 3552 fugit
951 3485 1102 3545 Callinicus,
1124 3505 1194 3558 eqrm

85 3559 155 3610 facit
166 3551 270 3616 Strabo,
280 3557 385 3604 Persam
396 3553 451 3613 alii,
464 3549 577 3618 ehmque
588 3551 630 3602 vel
652 3553 830 3618 precipitatus
843 3556 932 3618 periit.

85 3624 187 3690 &Cyro
199 3621 240 3672 vel
251 3621 282 3670 ab
294 3623 441 3671 Artaxerxe
454 3621 564 3670 'duxisse
582 3619 631 3670 ori·
686 3619 819 3670 filumino
837 3617 959 3684 Dorum]
982 3619 1025 3670 Ad
1042 3623 1115 3690 pylas
1134 3627 1195 3676 Cas·

76 3693 178 3760 ‘genem
191 3687 293 3738 voluat.
652 3685 718 3751 pias,
729 3686 763 3736 ab
780 3687 838 3737 aliis
853 3691 935 3745 Ascra
953 3687 985 3738 ab
1002 3689 1059 3742 allis
1075 3691 1195 3750 Arsacia,

122 3759 177 3812 Μ
192 3753 301 3818 Galliad
317 3754 382 3806 Acri
394 3753 465 3804 enim
478 3765 538 3804 cum
550 3747 632 3802 Gallis
653 3751 696 3801 vel
714 3755 844 3820 Europus,
858 3755 903 3819 yel
920 3745 1048 3822 dgragas,
1066 3757 1108 3808 rel
1124 3759 1196 3805 Dura

86 3823 346 3895 praelio'commisso,
362 3821 489 3888 Seleucus
509 3828 536 3869 et
553 3819 633 3870 victo·
653 3818 761 3868 dicitur.
918 3849 922 3853 -
1015 3847 1018 3856 ι

87 3897 157 3947 riam
170 3900 198 3942 et
207 3889 315 3939 victoris
327 3903 419 3938 nomen
432 3885 533 3937 retulit.
687 3887 703 3936 7
717 3881 846 3950 Nomine]
863 3883 899 3936 Ut
910 3888 1092 3954 AEgyptiorum
1108 3891 1195 3956 Reges
1270 3886 1272 3889 ’

123 3953 348 4022 adadremon]
360 3953 557 4006 Idemeetcum
566 3955 635 4020 Aga·
655 3951 796 4012 Ptolemaei,
819 3952 1015 4016 Atheniensium
1037 3957 1209 4018 Cecropidas

87 4027 180 4080 thocle
194 4022 303 4089 Georgii
313 4020 447 4072 Monachi.
506 4039 509 4055 ¹
654 4021 691 4071 ita
717 4021 873 4072 Parthorum
896 4021 1029 4073 Arsacidae
1054 4019 1198 4085 nuncupati

122 4099 143 4148 4
156 4089 468 4154 iheedatfflactrianomm
475 4086 575 4152 Regia]
583 4087 633 4146 Qui
654 4093 724 4138 sunt.
903 4140 905 4144 ,
1040 4095 1042 4098 ’

86 4162 272 4216 eadentatate
285 4157 430 4208 Bactrianis
443 4153 579 4220 prefectus
592 4169 633 4204 no·
686 4151 842 4206 liddensis
853 4156 1015 4218 statoriam]
1036 4153 1198 4204 Antiochum
1264 4185 1277 4200 ,

87 4241 154 4280 vum
171 4231 292 4307 Regnum
313 4222 441 4284 condidit,
455 4219 531 4288 quaet
548 4231 633 4272 tamen
656 4224 781 4287 Magnum
793 4221 924 4284 intelligit,
934 4222 980 4285 qui
991 4219 1130 4284 expulsum
1141 4223 1198 4270 Me·

87 4293 183 4362 paucis
192 4300 255 4358 post
266 4286 340 4342 annis
351 4291 377 4340 in
389 4289 546 4346 Parthorum
558 4286 636 4358 ditio·
655 4289 699 4340 dia
709 4291 825 4338 Arsacen
837 4285 1031 4354 adilyrcaniam
1045 4301 1128 4354 usque
1139 4303 1198 4356 pec·

87 4371 154 4412 nem
163 4359 300 4412 concessit.
654 4362 822 4410 caucaseae
1131 4363 1133 4370 ’

126 4429 144 4475 ⁵
163 4420 335 4491 capream]
351 4424 383 4476 ln
400 4439 433 4477 eo
449 4419 518 4486 roae,
535 4420 637 4492 prelio,
