2924 4918
725 201 921 287 Jusnrrn.

271 379 439 465 haequasi
461 375 662 460 impossihile,
683 374 906 460 impetraverit,
928 387 964 440 ut
988 393 1075 438 arma
1095 373 1213 458 regina
1235 373 1376 438 Amazo-
1442 357 1445 389 ³

272 487 347 530 num
364 465 422 528 sibi
438 464 570 526 afferret.
615 462 666 526 Εὸ
683 463 785 546 'igitur
805 461 963 544 profectus
977 460 1078 544 longis
1100 481 1213 524 novem
1234 461 1379 538 navibus,

274 554 440 618 eomitante
453 548 626 632 principum
639 549 771 612 Graeciae
782 547 961 630 juventute,
976 545 1168 630 inopinantes
1183 546 1375 632 aggreditur.

206 707 209 713 ⁴
274 637 356 701 Duae
369 651 435 698 tum
445 654 567 697 sorores
577 633 777 698 Amazonum
788 655 886 716 regna
898 631 1078 708 tractabant,
1094 629 1249 714 ¹Antiope
1260 646 1293 694 et
1304 632 1379 694 Ori·

259 725 367 804 ‘thyas
390 721 446 785 sed
460 718 593 802 Orithya
609 718 685 782 foris
699 719 815 780 bellurn
831 717 968 800 gerebat.
985 768 987 774 .
1013 717 1116 801 Igitur
1129 713 1205 780 etim
1223 716 1381 780 Hercules

273 809 314 872 ad
335 808 408 870 litus
429 805 628 868 Amazonum
648 803 807 888 applicuit,
826 802 1005 886 infrequens
1026 801 1195 866 multitudo
1216 821 1290 866 cum
1308 801 1378 866 An·

271 893 353 976 tiopi
368 890 485 974 regini,
499 891 576 954 nihil
590 889 700 954 hostile
714 903 882 966 metuente,
897 904 974 952 erat.
1020 887 1095 964 Qus
1109 908 1143 952 re
1158 887 1304 951 effectum
1318 901 1380 967 est,

273 995 309 1044 ut
321 977 602 1062 paucaerepentino
617 975 752 1052 tumultu
774 975 881 1050 exitas,
895 994 981 1038 arma
1003 987 1174 1057 sumerent,
1188 969 1381 1054 facilemque

270 1062 434 1127 uictoriam
445 1060 586 1124 hostibus
596 1062 715 1125 darent.
739 1055 1258 1143 illultaeitsqueeaesae,eaptseque·
1282 1057 1321 1122 In
1331 1057 1382 1122 his

272 1152 344 1212 duae
356 1145 504 1228 Antiopae
513 1166 645 1218 sorores,
655 1161 751 1229 eaptus
761 1160 843 1219 sunt,
852 1145 1035 1228 Menalippa
1044 1145 1083 1207 ab
1096 1143 1245 1220 Hercule,
1257 1138 1380 1228 Hippo-

272 1229 509 1316 lyteitTheseo.
532 1229 759 1296 Sed²Theseus
767 1231 890 1294 obtenti
898 1229 930 1292 in
938 1229 1381 1316 praemiumeaptivai,eaudem

274 1321 306 1380 in
324 1317 557 1380 matrimonium
570 1315 748 1398 assumpsit,
759 1331 791 1378 et
803 1317 844 1378 eir
854 1317 1010 1398 signauit
1023 1315 1258 1400 ³Hippolytum.
1297 1315 1383 1380 Her·

274 1405 370 1478 cules,
384 1416 453 1484 post
467 1403 642 1477 victoriam,
658 1401 861 1485 Menalippen
883 1401 1037 1484 captivam
1060 1401 1160 1470 sorori
1183 1401 1335 1478 reddidit,
1351 1419 1383 1467 et

273 1491 410 1573 pretium
425 1507 511 1550 arma
532 1487 648 1570 reginae
670 1487 800 1570 aceepit.
844 1487 953 1568 Atque
976 1483 1020 1548 ita
1035 1484 1160 1550 functus
1182 1487 1326 1569 imperio,
1341 1491 1384 1554 ad

166 1575 169 1581 “
273 1595 382 1658 regem
397 1573 573 1636 revertitur.
617 1571 680 1636 Sed
696 1571 842 1654 Orithya,
857 1571 910 1636 ubi
926 1571 1079 1654 comperit
1094 1571 1208 1636 bellum
1224 1575 1385 1640 sororibus

275 1662 407 1735 illatum,
426 1674 458 1720 et
479 1658 635 1740 raptorem
662 1679 730 1720 esse
754 1657 997 1722 Atheniensium
1024 1657 1216 1742 principem
1241 1658 1409 1726 honneur·

276 1745 417 1818 comites,
432 1739 606 1828 frustrique
628 1759 660 1806 et
682 1743 774 1807 Ponti
797 1744 912 1821 sinum,
929 1757 962 1808 et
983 1741 1098 1806 Asiam
1120 1745 1290 1814 edomitam
1311 1765 1384 1812 esse

277 1831 364 1906 dicit,
379 1831 405 1892 si
418 1831 603 1894 Graeeorum
618 1851 680 1893 non
691 1845 754 1892 tam
770 1831 869 1904 bellis,
881 1821 978 1911 'quim
992 1830 1109 1912 rapinis
1120 1843 1252 1910 pateant.
1276 1830 1384 1896 Auxi-

219 1896 265 1994 Q
276 1919 355 1980 lium
370 1913 484 1978 deinde
508 1911 526 1976 ὲ
548 1913 676 1996 Sagillo,
688 1935 762 1996 rege
780 1913 927 1996 Scythiae,
941 1913 1029 1996 petit.
1074 1914 1183 1977 Genus
1201 1935 1234 1978 se
1253 1913 1385 1998 Scytha.

168 2050 173 2064 .
277 2023 349 2065 rum
365 2023 432 2063 esse
444 2022 453 2060 r
475 1997 759 2071 transreninarum,
774 1999 989 2062 necessitatem
1003 2018 1173 2077 armorum,
1186 1999 1261 2074 belli
1274 2023 1386 2068 causas

93 2079 124 2162 “,
173 2104 178 2120 ¹
280 2088 434 2150 ostendit:
449 2080 666 2166 sescentisque
682 2085 807 2165 virtute,
819 2105 857 2146 ne
871 2085 1031 2166 segniores
1045 2085 1121 2148 viris
1136 2083 1274 2150 feminas
1288 2086 1386 2153 hahe-

131 2141 177 2242 'h
260 2169 315 2236 're
325 2171 452 2254 'Scythae
462 2170 652 2234 viderentur.
697 2168 810 2244 Motus
825 2171 875 2233 ille
892 2170 1062 2234 domestici
1075 2171 1183 2254 gloriai,
1197 2174 1294 2238 mittit
1310 2197 1387 2240 eum

279 2257 397 2340 ingenti
409 2255 548 2339 equitatu
560 2255 658 2318 filium
671 2255 901 2340 Panasagorum
914 2255 947 2320 in
958 2257 1122 2320 auxilium.
1145 2256 1208 2320 Sed
1221 2275 1293 2323 ante
1303 2281 1387 2343 prae-

278 2343 357 2406 lium
372 2341 565 2406 dissensione
579 2345 656 2419 orti,
671 2342 709 2404 ab
729 2341 854 2408 auxiliis
871 2344 1013 2421 desertae,
1029 2341 1109 2406 bello
1127 2345 1165 2407 ab
1181 2343 1388 2411 Atheniensi·

277 2429 337 2492 bus
351 2429 537 2502 vincuntur,
559 2429 789 2512 receptaculum
811 2445 914 2492 tamen
936 2428 1075 2492 habuere
1098 2445 1197 2492 eastra
1215 2433 1387 2512 sociorum,

280 2535 413 2598 quorum
429 2513 545 2580 auxilio
561 2516 683 2578 intactae
703 2515 742 2578 ab
763 2513 834 2580 alita
855 2515 1012 2599 gentibus,
1025 2516 1057 2578 in'
1078 2535 1209 2602 regnum
1223 2535 1387 2582 revertun-

279 2618 340 2664 tur.
388 2600 463 2664 Post
472 2599 650 2684 Orithyam,
664 2601 860 2664 Penthesilea
875 2621 971 2684 regno
985 2601 1082 2684 potita
1098 2617 1156 2675 est,
1169 2603 1258 2686 eujus
1272 2603 1388 2690 Troja-

278 2709 321 2750 no
332 2687 412 2750 bello
428 2687 508 2748 inter
521 2685 707 2750 fortissimos
720 2687 815 2763 viros,
829 2685 905 2748 curn
921 2686 1072 2748 auxilinm
1088 2687 1238 2748 adversus
1254 2689 1388 2753 Grecos

217 2809 219 2815 ι
279 2773 386 2845 ferret,
399 2792 511 2856 magna
527 2771 857 2836 virtutisrdoeumenta
876 2769 1021 2832 extitere.
1066 2769 1232 2834 interfecti
1251 2772 1388 2838 demum

279 2857 500 2935 ⁴Penthesilei,
515 2857 718 2937 exercituque
733 2855 802 2938 ejus
817 2855 1001 2937 absumpto;
1022 2875 1139 2940 paucae,
1154 2877 1225 2938 quae
1239 2857 1271 2921 in
1287 2879 1388 2943 regno

279 2959 500 3018 remanserant,
525 2939 607 3022 aegre
635 2947 668 3004 s'e
694 2939 847 3004 adversita
871 2940 1019 3004 finitimos
1043 2939 1260 3022 defendentes,
1285 2965 1387 3028 usque

280 3046 420 3114 tempora
436 3027 610 3092 Alexandri
623 3026 727 3110 magni
740 3027 945 3092 duraverunt.
989 3026 1113 3092 Harum
1130 3025 1301 3114 Minithya,
1317 3034 1388 3094 sive

280 3115 465 3193 ⁵Thalestrjs
485 3114 604 3196 regina,
618 3113 783 3176 concubitu
799 3113 973 3176 Alexandri
994 3133 1049 3195 per
1068 3113 1137 3176 dies
1152 3133 1221 3178 1111
1239 3117 1279 3180 ad
1293 3118 1386 3180 sobo-

280 3201 343 3264 lem
363 3221 403 3263 ex
418 3221 456 3262 eo
475 3199 683 3282 generandam
703 3201 839 3278 obtento,
852 3219 976 3262 reversa
990 3197 1022 3261 in
1037 3221 1182 3288 regnum,
1202 3201 1289 3266 brevi
1305 3219 1386 3266 tern-

278 3307 354 3367 pore
370 3307 441 3346 cum
453 3285 538 3346 omni
551 3283 751 3347 Amazonum
766 3285 891 3349 homine
907 3285 1076 3352 intercidit.

123 3390 267 3452 Scytharum
323 3370 426 3433 CAP.
436 3369 479 3434 V.
496 3369 620 3453 Scythae
630 3387 733 3432 autem
746 3372 836 3434 tertii
848 3372 1045 3455 expeditione
1059 3371 1190 3452 Asiani,
1199 3393 1270 3440 eum
1281 3375 1386 3438 ⁰annis

120 3459 271 3572 mm
280 3451 567 3542 netoieonjugibus
576 3473 607 3521 et
615 3457 720 3520 liberis
729 3457 911 3538 abluissent,
921 3457 1028 3522 servili
1037 3459 1117 3522 hello
1125 3459 1214 3526 domi
1224 3461 1385 3544 excipiun-

121 3593 199 3639 Darii
209 3593 238 3638 itt

122 3658 261 3718 Scythaeet
381 3707 386 3716 ¹,
523 3673 524 3676 ¹
767 3647 882 3698 NOTAE.

119 3725 193 3772 Jonas
205 3725 252 3774 del-

121 3793 175 3839 lum.
311 3815 326 3866 1
347 3813 475 3882 Areopa]
500 3816 581 3868 Multi
608 3816 736 3883 Antiopen
758 3829 834 3870 eume
873 3807 1083 3878 weremund}
1102 3811 1144 3866 Ab
1157 3811 1264 3869 Aithille
1283 3817 1386 3866 Graeco

277 3869 418 3949 l-lyppnlite
431 3882 601 3934 confundunt.
840 3897 897 3934 rntn
911 3881 1054 3934 fortissimo
1064 3883 1210 3935 interfecta.

203 3953 205 3958 ’
309 3947 467 4014 Whereas]
490 3951 577 4016 AEgei,
598 3952 759 4003 Athenarum
780 3965 820 4000 re-
873 3947 1383 4022 5Tltulertms.]DetTltalestrilibtoxii.

276 4019 328 4083 gis,
340 4033 374 4066 ex
386 4015 481 4066 AEthri
492 4015 573 4076 lilius,
581 4025 609 4068 et
622 4017 745 4068 Herculis
757 4018 821 4066 assi·
840 4029 958 4082 agemus.

202 4092 206 4100 ·
276 4087 344 4133 duris
361 4099 458 4144 eomes,
475 4081 650 4151 magmimque
671 4082 819 4152 fabularum
874 4083 983 4134 fidenis
992 4081 1066 4150 σαι]
1077 4084 1166 4138 Annos
1178 4086 1212 4140 28
1221 4077 1386 4154 putaturus

166 4183 169 4193 Ι
276 4164 511 4282 argufflepliilliiiim]
523 4216 573 4274 Qtri
583 4218 645 4268 dum
658 4217 741 4281 patris
754 4217 820 4268 iram
841 4150 921 4204 habet
932 4151 1030 4204 Hem
1071 4205 1079 4235 ’Δ

275 4282 353 4347 sugit,
366 4283 398 4334 ab
411 4285 487 4350 equis
500 4285 645 4335 Phocarum
656 4286 716 4341 visu
726 4285 821 4336 attoni·

276 4349 311 4398 tis
323 4348 474 4414 discerptus
486 4350 580 4405 miseri
591 4351 679 4419 periit
