2886 4906
375 281 594 352 arsami.
636 254 861 355 cnutum

65 443 199 524 ritm'ad
218 458 290 521 b'eili
313 459 491 524 societatem
514 481 586 523 cum
613 457 731 542 ingenti
753 459 894 532 exercitu
924 457 1003 544 ²ipse
1022 461 1168 540 uenisset,

65 545 271 627 8Αςαῑὶιοείεε
287 547 399 608 blando
414 548 555 628 alloquio
571 561 602 608 et
622 546 733 608 humili
755 547 944 620 adulatione,
958 545 1033 609 cum
1054 546 1169 629 saepids

62 633 155 692 simul
189 623 365 708 coenassent,
394 633 619 715 adoptatusque
650 629 732 694 filius
755 631 824 716 ejus
854 633 893 694 ab
918 632 1053 714 Aphella
1076 649 1168 710 esset,
1256 630 1260 638 ’

61 718 233 779 iincautum
261 717 425 780 interficitr
453 735 665 800 occupatoque
691 717 831 780 exercitu
857 717 936 801 ejus,
954 719 1064 780 iterato
1091 717 1168 778 Car-

63 802 268 884 thaginienses
285 804 428 866 omnibus
447 804 565 866 viribus
590 804 703 865 bellum
730 805 858 877 cientes,
871 815 984 886 magno
1005 803 1168 886 utriusque

62 888 215 952 exercitus
242 890 403 970 sanguine,
428 889 530 971 ³gravi
557 890 663 970 praelio
688 904 823 972 superata
878 886 966 950 bHoc
991 887 1168 950 certaminis

58 973 243 1034 discrimine
258 989 342 1036 tanta
362 975 538 1058 desperatio
555 976 638 1038 iliata
652 975 752 1036 Poenis
767 989 824 1049 est,
837 989 882 1052 nt,
896 974 955 1036 nisi
975 975 1006 1036 in
1029 973 1169 1036 exercitu

62 1057 248 1140 Agathoclis
273 1073 342 1120 orta
364 1060 479 1122 seditio
503 1058 625 1136 fuisset,
648 1060 810 1122 transitura
836 1061 877 1121 ad
901 1081 973 1120 eum
994 1059 1169 1122 ⁴Bomilcar

58 1163 115 1206 rex
132 1145 296 1212 Pacorum
313 1165 386 1206 cum
401 1145 541 1208 exercitu
554 1145 660 1208 luerit.
705 1145 757 1206 Ob
773 1167 867 1226 quam
884 1165 996 1206 noxam
1014 1147 1044 1208 iu
1062 1143 1167 1208 medio

55 1229 129 1290 'foro
144 1226 161 1290 ai
179 1230 279 1312 Pania
300 1231 437 1314 patibulo
462 1231 591 1294 suffixus
614 1245 681 1293 est:
709 1245 744 1292 ut
767 1231 853 1292 idem
875 1231 962 1292 locas
985 1251 1168 1292 monumen·

59 1327 127 1376 tum
140 1315 363 1398 suppliciorum
379 1315 448 1402 ejus
463 1333 556 1393 esset,
567 1318 620 1399 qui
638 1312 708 1378 ante
724 1315 826 1380 iuerat
840 1332 1055 1380 ornamentum
1071 1315 1167 1378 hono·

60 1421 140 1462 rum.
185 1401 249 1463 Sed
274 1401 433 1464 Bomilcar
453 1424 568 1484 magno
583 1404 688 1464 animo
703 1403 919 1464 crudelitatem
939 1403 1055 1464 civium
1073 1403 1166 1473 tulit;

59 1488 189 1550 adeant
208 1489 248 1550 de
266 1490 387 1550 summi
402 1509 505 1565 cruce,
520 1489 617 1550 veluti
632 1490 672 1550 de
687 1489 843 1560 tribunali,
862 1489 893 1549 in
911 1489 1075 1562 Poenprum
1100 1499 1167 1548 sce·-

58 1571 122 1634 lera
137 1573 389 1640 concionareturr
412 1573 583 1656 cobjectans
598 1575 669 1650 illis,
683 1595 766 1636 nunc
782 1569 962 1636 Hannonem
968 1572 1059 1657 filled
1074 1571 1167 1658 effec-

58 1659 115 1718 tnti
131 1660 223 1740 regni
242 1659 360 1720 Invidia
380 1659 638 1720 circumuentum:
658 1681 740 1720 nanc
753 1660 892 1720 Ginccaia
914 1659 1082 1720 innocentia
1101 1659 1167 1720 cxi·

56 1745 152 1804 liam.-
174 1764 254 1804 nanc
269 1744 301 1806 in
319 1743 524 1806 Hamilcarem
534 1756 681 1826 patruum
695 1765 782 1804 auum
798 1745 892 1810 tacita
908 1741 1075 1828 czfflrzgin,
1091 1738 1172 1826 quid

56 1826 255 1911 Agathoclem
269 1830 382 1891 socium
397 1827 582 1912 illiasacera
591 1827 681 1910 qmim
692 1831 804 1892 hostem
820 1829 971 1890 moluerit.
996 1828 1076 1888 Haec
1092 1825 1167 1888 citat

53 1914 93 1975 in
106 1914 244 1984 maximi
259 1915 365 1996 populi
381 1917 529 1976 concione
547 1915 734 1977 vociferatus
752 1930 844 1988 esset,
859 1913 1038 1995 exspiravit.
1133 1981 1138 1998 Ι

68 2037 70 2044 ,
100 1999 207 2062 cAP.
219 1999 320 2063 VIII.
346 1997 468 2062 Interei
485 1999 688 2081 Agathocles,
709 1998 918 2082 “profligatis
940 2000 970 2060 in
987 1998 1099 2060 Africa
1118 2015 1166 2060 re-
1176 2011 1264 2062 dt'ctttae
1282 2015 1326 2062 ia·

57 2084 127 2162 bus,
141 2086 261 2148 tradito
271 2085 474 2168 Archagatho
490 2087 553 2147 filio
565 2085 715 2159 exercitu,
728 2087 760 2148 iu
774 2084 912 2146 Siciliam
924 2086 1073 2148 recurrite
1089 2082 1263 2146 nihilim'tm
1276 2095 1314 2128 ¹⁰·

59 2185 162 2234 actum
179 2172 212 2232 in
228 2170 340 2234 Africa
360 2163 553 2248 existimaus,
568 2172 594 2232 si
611 2169 747 2252 amplius
761 2169 923 2252 Syrac'usae
939 2145 1326 2276 obsideremusfsslsssgmi

59 2256 144 2320 Nam
159 2273 230 2346 post
240 2259 380 2320 occisum
397 2253 781 2333 Hamilcarem‚Gisc0nis
792 2257 1010 2331 lilium,novus
1020 2253 1087 2318 eoi
1100 2255 1289 2330 Pte-„mm

58 2343 106 2404 nis
125 2347 242 2416 missus
258 2343 413 2408 exercitus
429 2342 540 2405 fuerat.
584 2341 695 2404 Statim
714 2342 811 2422 igitur
824 2343 926 2423 primo
947 2344 1084 2404 adventu
1099 2343 1316 2426 ejmnumaem

56 2427 175 2496 -stctliae
193 2429 297 2504 urbes,
308 2429 425 2492 auditis
439 2429 532 2496 rebus
548 2447 626 2506 quas
639 2429 671 2488 in
686 2426 797 2488 Africa
813 2441 960 2508 gesserat,
976 2427 1117 2490 certatim
1134 2411 1330 2530 “facillimam

60 2515 90 2578 ei
105 2519 250 2581 traduat:
268 2532 361 2597 atque
377 2515 421 2578 ita
434 2513 546 2608 ⁶pulsis
557 2507 575 2572 ὲ
587 2511 693 2576 sicilia
705 2511 826 2574 Poenis:
842 2511 938 2574 totius
950 2513 1058 2576 insulae
1070 2513 1167 2596 impe·
1175 2550 1242 2596 aar.
1250 2547 1325 2598 Mora

1079 2635 1082 2640 ·
1174 2614 1313 2677 t'llr'urfilt'a·

467 2685 766 2764 INTEIIPRETATIO.
1176 2695 1239 2730 rum.

90 2816 268 2886 adgnthoclea
284 2829 338 2864 eam
354 2814 455 2862 necavit
469 2815 603 2872 incanam,
624 2827 716 2872 narrem,
727 2826 797 2874 prtem
813 2809 878 2858 moti
893 2811 988 2860 iaaiclid
1005 2807 1171 2862 insimulave-

59 2878 110 2929 mlm
121 2885 193 2932 timul
203 2890 264 2946 rape
275 2885 418 2940 canderent,
427 2889 452 2929 et
459 2879 603 2944 pmseciraet
612 2871 615 2892 ¹
624 2879 683 2930 iant
694 2876 761 2928 falso
774 2877 908 2943 affectandi
919 2882 999 2941 regm'.

59 2950 320 3010 blaath‘asermam'bur
338 2950 603 3008 cantumerulam
657 2946 831 3011 dProstigatri
844 2947 955 3010 protentio
974 2943 1170 3008 Carthaginien·

59 3015 91 3062 ab
102 3016 204 3080 aptetur
217 3021 242 3066 ia
247 3017 329 3080 filium
340 3019 510 3082 adaptaretur.
625 3012 692 3064 sium
704 3015 731 3061 in
743 3012 844 3077 Africa,
855 3015 990 3062 exercitum
1005 3012 1111 3060 tradidit
1121 3011 1170 3060 Ar·

93 3080 295 3134 bPaenireduati
306 3093 362 3132 aaut
374 3085 409 3132 ad
417 3090 510 3131 tantam
522 3084 603 3145 deapc-
625 3083 746 3144 chagatha
768 3079 832 3143 filid,
855 3089 879 3130 et
902 3081 976 3127 rediit
1001 3082 1029 3127 in
1052 3077 1169 3128 Siciliam.

59 3151 260 3211 catinarumclade
269 3152 369 3214 acceptet
380 3152 406 3198 ia
413 3149 457 3198 lton
465 3151 602 3202 certamine.
625 3151 708 3213 Apum
720 3149 811 3197 actaeae
821 3163 865 3196 aaa
876 3148 1024 3210 expedition.-

90 3217 298 3268 cIllosaccuram
306 3213 604 3282 quddaccidr'aaentltaa·
720 3221 721 3224 ’

549 3331 666 3380 NOTAE.

90 3441 175 3506 lipsa
190 3437 318 3502 venierat]
338 3441 391 3490 Per
406 3439 464 3491 loca
475 3439 559 3497 arida,
574 3447 603 3491 et
624 3438 736 3504 cupidus
748 3434 872 3489 miserum
886 3435 958 3487 urbis
974 3442 1072 3490 statum
1081 3451 1170 3490 cerne·

56 3505 120 3557 ieris
135 3505 357 3574 serpentibusque
374 3505 478 3570 infesta,
490 3509 600 3560 duorum
623 3515 675 3568 ret,
687 3507 799 3570 stipatus
811 3505 938 3554 militibus
948 3505 1018 3556 cives
1029 3519 1118 3554 omnes
1127 3519 1169 3555 oc·

55 3574 188 3624 mensium
200 3574 302 3624 itinere.
625 3574 678 3626 cidi
687 3572 783 3640 iussim
794 3587 885 3638 quare,
895 3580 955 3622 orto
964 3572 1119 3636 gravissimo
1130 3581 1170 3622 tu·

89 3644 112 3693 2·
120 3643 249 3703 lucanam
256 3640 399 3704 interficit]
419 3642 543 3707 Plerique
555 3641 603 3691 mi·
625 3639 1094 3706 multu,juventusomnisquecivium
1104 3639 1170 3689 m'ul·

56 3707 307 3774 litumpabulntum
323 3708 452 3768 exierant,
462 3723 524 3759 cum
542 3707 604 3758 insi·
625 3708 711 3760 titudo
722 3721 784 3758 curn
799 3707 878 3758 armis
897 3705 1034 3763 admistam
1052 3704 1170 3771 eoonju·

57 3775 113 3827 dius
133 3776 185 3826 sibi
207 3784 312 3841 paratas
331 3773 469 3826 clamitans
487 3774 605 3840 Agatho·
626 3775 691 3827 ratis
702 3773 767 3828 alios
775 3772 923 3834 necat‚aliis
932 3789 1002 3822 arma
1012 3771 1169 3838 ponentibus

57 3844 124 3906 clar,
134 3859 196 3894 eum
211 3847 367 3909 imparatum
380 3843 489 3892 necavit.
512 3843 605 3892 Diodo-
625 3841 722 3906 parcit,
731 3849 758 3890 et
766 3841 938 3892 Bomilcarem
950 3839 1015 3890 diris
1024 3840 1171 3890 laceratum

58 3925 107 3962 aas.
626 3907 787 3967 cruciatibus
795 3915 898 3958 enecat.
1050 3955 1053 3964 ,

89 3980 105 4030 3
122 3979 205 4028 Gravi
213 3979 299 4040 pretio
309 3971 433 4042 ruperat]
451 3977 477 4025 N
479 3989 511 4026 nn
521 3973 604 4026 refert
659 3977 675 4024 5
691 3975 839 4046 Prqfligatt's
859 3971 949 4036 reduc]
971 3969 1170 4036 Carthaginien-

58 4043 268 4096 hancvictoriam
278 4043 420 4103 Diodorus,
429 4042 477 4092 sed
485 4043 602 4097 navalem
626 4044 708 4094 sium:
721 4040 879 4109 Agathocles
890 4040 959 4091 enim
972 4053 1055 4105 nuper
1067 4037 1169 4108 ¹Uticam

58 4121 117 4178 post
129 4111 288 4163 Bomilcaris
299 4111 442 4160 interitum.
501 4163 505 4174 .
625 4117 741 4178 ceperat.
1073 4129 1076 4134 ¹

59 4179 64 4200 ”
91 4181 242 4230 4Bamilaar·
251 4195 299 4230 rear
307 4173 461 4240 Parmam]
473 4177 531 4226 Rex
540 4175 604 4228 dici·
660 4179 676 4227 6
687 4180 772 4228 Paleis
782 4174 796 4226 e*
807 4169 926 4237 Sicilia]
937 4173 996 4222 Non
1008 4187 1054 4221 eos
1066 4167 1171 4232 omnini

59 4245 105 4294 tur
112 4247 178 4312 quia
188 4249 277 4296 Duces
290 4259 358 4310 rape
369 4247 456 4310 Reges
474 4238 604 4308 appellen·
626 4245 744 4311 expolita
763 4242 811 4292 sed
828 4242 890 4293 illos
909 4239 992 4290 navali
1009 4237 1107 4304 praelio,
1119 4241 1173 4288 ter·

58 4318 114 4372 tur,
125 4313 168 4362 vel
185 4313 247 4380 quia
259 4311 328 4363 forte
338 4311 393 4378 jem
406 4319 549 4376 occuparat
566 4317 605 4377 ty·
626 4313 705 4363 rostri
723 4309 912 4360 xenodochum
931 4304 1172 4372 Agragantinartun

59 4379 203 4430 rannidem.
223 4379 299 4432 Illius
309 4385 421 4428 mortem
433 4378 509 4429 aliter
518 4384 605 4428 narrat
629 4379 723 4431 ducam
735 4377 875 4442 superavit.

61 4443 197 4497 Diodorus.
230 4449 296 4499 Cum
311 4445 441 4507 Bomilcar
460 4444 605 4514 tyrannidis
714 4509 748 4572 D
770 4509 792 4572 d
