2886 4906
667 221 669 226 ’
751 263 938 348 ruenni

301 441 456 500 'auctores
476 457 600 520 quoque
622 457 695 500 suos
718 437 862 500 Lucanos
884 437 965 498 bello
980 435 1128 514 vicerant,
1149 449 1183 500 et
1202 453 1306 519 pacem
1327 453 1385 502 cna

300 523 361 596 bis,
389 523 485 602 aequis
515 523 634 606 legibus
664 524 810 586 fecerant.
853 523 970 584 ²Tanta
996 521 1104 586 feritas
1129 524 1300 586 animorum
1324 539 1384 598 erat,

301 624 337 684 ut
351 628 408 688 nec
428 608 542 692 origini
558 629 622 672 suat
636 625 806 694 parcerent.
852 601 1000 690 Namque
1017 607 1138 672 Lucani
1158 609 1268 672 iisdem
1283 609 1384 690 legibus

300 695 415 762 liberos
430 715 514 771 suos,
529 695 642 776 quibus
657 711 688 758 et
703 692 855 778 Spartani,
870 695 1030 758 instituere
1047 693 1130 758 soliti
1146 709 1243 758 erant.
1278 693 1384 776 Quippe

301 781 341 846 ab
363 780 452 842 initio
474 782 654 864 pubertatis,
675 783 706 842 in
728 780 831 862 esylvis¹
849 781 930 842 inter
951 795 1090 860 pastores
1111 781 1308 853 habebantur,
1320 778 1383 841 lsios

300 865 475 938 ministerio
496 866 612 940 servili,
631 867 697 929 sine
720 881 805 928 veste
828 887 922 947 quam
946 866 1120 940 induerent,
1134 868 1184 928 vel
1207 867 1257 928 eni
1279 866 1383 928 incuba-

244 969 245 973 ’
301 966 389 1024 reot;
411 965 447 1014 ut
468 947 486 1012 ὲ
508 951 616 1034 primis
638 951 725 1016 annis
747 949 869 1012 duritias
891 951 1159 1033 patrimoniaque,
1174 950 1240 1014 sine
1263 953 1323 1014 ullo
1338 971 1383 1012 usu

224 1083 227 1093 ,
300 1038 399 1111 urbis,
423 1051 645 1100 assuescerent.
701 1037 800 1098 Cibus
825 1036 875 1098 his
902 1038 1009 1118 proeda
1036 1037 1195 1110 venaticn;
1222 1053 1320 1120 potus,
1343 1049 1383 1096 aot

299 1121 400 1198 lactis,
412 1121 614 1198 antiootium
630 1123 733 1204 liquor
748 1136 825 1184 erat.
868 1121 920 1184 Sic
937 1125 976 1184 ad
999 1122 1119 1184 labores
1138 1123 1264 1184 bellicos
1279 1121 1381 1184 induta·

300 1207 422 1270 bantur.
467 1207 591 1270 Horum
608 1208 761 1289 igiturex
774 1227 906 1272 numero
916 1205 1141 1290 quinquaginta
1156 1208 1259 1288 primo
1272 1228 1309 1269 ex
1319 1206 1380 1288 agris

301 1293 505 1356 finitimorum
527 1293 656 1376 praerlmi
672 1293 775 1364 soliti;
798 1293 969 1358 confluente
988 1293 1101 1354 deinde
1121 1293 1325 1368 multitudine,
1337 1291 1380 1352 sol·

299 1377 409 1440 licitati
425 1377 527 1460 praeda
542 1382 613 1440 culm
637 1378 740 1459 plures
756 1377 829 1440 facti
852 1393 964 1450 essent,
979 1375 1107 1440 infestas
1130 1379 1273 1462 regiones
1291 1377 1379 1439 redde·

299 1463 383 1524 bant.
429 1464 540 1545 Itaque
565 1463 712 1545 fatigatus
739 1463 873 1544 querelis
899 1463 1056 1528 sociorum
1082 1464 1267 1546 Dionysius,
1292 1462 1381 1524 Sicilie

299 1562 459 1630 tyrannus,
474 1563 635 1611 sexcentos
656 1548 756 1611 Afros
778 1549 819 1610 ad
841 1551 1082 1632 compescendos
1104 1570 1159 1614 eos
1183 1552 1305 1612 miseret
1322 1567 1380 1628 quo

299 1653 371 1697 rum
393 1634 565 1712 castellum,
580 1633 738 1718 proditum
762 1634 821 1698 sibi
843 1653 900 1718 per
922 1635 1078 1698 Bruttiani
1102 1637 1275 1712 mulierem,
1287 1653 1380 1716 expug-

298 1719 473 1794 navtlrunte
496 1720 601 1802 ibique
617 1719 788 1798 civitatem,
803 1719 1060 1784 concurrentibus
1072 1721 1112 1783 ad
1122 1721 1300 1804 vopinionem
1314 1736 1379 1778 nova

298 1805 386 1868 urbis
407 1805 593 1888 pastoribus,
607 1819 799 1880 statuerunt3
824 1806 1026 1888 Bruttiosque
1042 1829 1075 1868 se
1097 1828 1137 1869 ert
1158 1807 1280 1870 nomine
1295 1802 1380 1866 mulie·

298 1891 344 1966 ris
355 1891 561 1958 ,vocaverunt
606 1888 748 1955 Primum
772 1891 833 1955 illis
848 1913 920 1955 cum
938 1891 1087 1970 Lucanis,
1102 1893 1233 1976 originis
1252 1912 1310 1956 snae
1326 1907 1379 1950 auc·

298 1976 430 2053 toribus,
452 1977 567 2040 bellum
591 1975 661 2039 luit.
707 1977 779 2051 Qua
801 1979 931 2041 victoria
956 1979 1062 2053 crecti,
1087 1981 1161 2040 etim
1186 2000 1289 2064 pacem
1311 1992 1379 2054 2th

293 2059 368 2156 jure
389 2060 546 2138 fecissent,
568 2075 698 2124 caeteros
721 2061 868 2126 finitimos
890 2063 986 2126 armis
1003 2065 1222 2148 subegerunu
1246 2075 1379 2140 tantasque

297 2165 373 2228 opes
392 2143 480 2210 brevi
496 2147 653 2214 consecuti
668 2161 751 2223 sunt,
765 2161 800 2210 ut
815 2146 981 2229 perniciosi
996 2150 1090 2211 etiam
1111 2151 1238 2232 regibus
1258 2149 1378 2210 haberes·
1416 2157 1417 2190 i

297 2245 360 2298 tur·
402 2233 564 2316 'Denique
581 2230 765 2301 Alexander
778 2253 835 2295 rex
858 2232 959 2315 Epiri,
974 2255 1072 2320 quum
1096 2237 1127 2298 in
1150 2237 1299 2306 auxilium
1315 2232 1378 2294 Gra·

297 2337 405 2380 carum
421 2319 594 2395 civitatum,
606 2339 679 2382 cum
699 2339 813 2402 magno
828 2318 967 2382 exercitu
984 2321 1015 2381 in
1032 2321 1156 2383 Italiam
1174 2323 1312 2395 venisset,
1325 2334 1377 2378 cun

296 2403 441 2467 omnibus
463 2405 562 2488 copiis
577 2405 615 2466 ab
632 2401 681 2466 bis
697 2405 818 2468 deletus
840 2420 897 2468 est.
940 2403 1063 2480 ‘Quare
1076 2403 1186 2470 feritas
1206 2427 1307 2470 eorum
1326 2419 1377 2464 suc·

296 2506 387 2554 cessu
402 2489 559 2554 felicitatis
581 2490 787 2566 incensariis
808 2491 957 2554 terribilis
979 2491 1119 2559 finitimis
1134 2489 1212 2574 [fuit.
1256 2490 1307 2552 Ad
1317 2497 1378 2568 'poe

297 2588 431 2640 tremum
454 2575 637 2658 imploratus
660 2575 864 2660 Agathocles,
879 2597 933 2660 spe
957 2577 1126 2661 ampliandi
1147 2574 1278 2662 regula
1296 2568 1378 2634 Sicilil

293 2657 329 2722 in
346 2660 470 2725 Italiam
487 2659 619 2740 trajecit.
719 2702 721 2710 r
1098 2679 1101 2684 ·
1214 2725 1217 2731 ,

140 2743 171 2800 tn
182 2747 289 2801 aunem
341 2743 444 2819 CAP.
456 2747 503 2809 11.
525 2743 700 2830 dPrincipio
716 2746 868 2808 adventus
881 2746 949 2832 ejus
965 2747 1109 2832 opinione
1122 2748 1273 2826 concussi,
1285 2747 1379 2826 legatos

138 2833 253 2936 mas
277 2831 338 2932 'ad
364 2853 449 2912 eum,
474 2831 655 2904 societatem
680 2827 912 2914 amicitiamque
939 2849 1079 2916 petentes
1104 2835 1268 2918 miserunt,
1305 2827 1379 2902 QUOS

701 3040 1000 3106 inrueruernrro.

328 3244 397 3292 alta
407 3251 478 3292 eruat
487 3241 593 3307 feroces,
606 3251 634 3291 ret
645 3257 693 3290 aaa
705 3249 837 3306 parcerent
863 3245 937 3294 tornai
947 3243 1081 3314 seltce'tate,
1090 3247 1147 3311 serit
1164 3248 1276 3298 terribilis
1291 3237 1379 3291 ‹buno-

294 3310 399 3376 populis
413 3307 481 3356 unde
493 3309 622 3357 diruerant
634 3311 759 3374 originem
862 3314 908 3360 rtis.

328 3375 415 3424 st'ue
423 3377 541 3424 nutrireris
550 3376 595 3439 qui
607 3377 670 3440 ipsis
678 3379 838 3429 reserassent.
894 3377 913 3426 d
930 3379 979 3428 Ubi
995 3384 1098 3446 primum
1113 3384 1305 3432 strueremus
1316 3372 1378 3420 venire

324 3455 342 3492 o
359 3444 441 3500 Quare
451 3445 543 3494 illarum
551 3442 683 3510 ferocitas,
695 3454 772 3494 aucto
786 3446 837 3502 eliu·
860 3447 886 3492 e'a
902 3447 1007 3508 Italiam,
1022 3451 1153 3512 perterriti
1170 3449 1282 3498 auserunt
1297 3444 1376 3504 legator,

860 3511 909 3561 &a
1117 3513 1120 3522 '

788 3681 902 3739 NOTAE.

233 3862 241 3878 ,
301 3823 340 3882 -1
363 3825 483 3874 structos-ee
508 3841 601 3888 quoque
624 3844 679 3877 suos
701 3819 835 3889 Lucanos]
859 3841 888 3876 re
901 3825 965 3887 ullo,
977 3828 1032 3884 siue
1045 3829 1172 3896 dignitate
1190 3825 1270 3878 habiti
1286 3809 1376 3891 suntald

291 3892 389 3944 Lucani
400 3889 509 3941 feserunt
525 3901 652 3954 pastores,
664 3895 709 3960 qui
721 3909 834 3944 excusso
860 3894 966 3944 servilis
977 3894 1075 3950 tanturn
1094 3913 1175 3960 opera
1187 3889 1303 3958 compelli
1314 3882 1375 3955 solut

292 3959 428 4011 servitutis
441 3957 518 4024 jugo,
530 3969 647 4022 tempore
664 3959 781 4025 Dionysii
795 3976 835 4008 se·
860 3961 882 4009 Α
894 3963 986 4012 erecto
998 3965 1119 4013 Herculis
1131 3962 1187 4014 filio
1198 3963 1255 4011 vult
1266 3963 1345 4006 nomen
1356 3943 1377 3992 ¹¹·

291 4025 380 4085 nioris,
392 4033 465 4074 trans
484 4027 562 4074 Laum
576 4025 684 4085 fluvium
701 4027 777 4077 sedes
790 4040 834 4089 po·
859 4026 890 4075 lis
910 4027 1020 4079 inditum
1042 4030 1198 4094 Stephanus,
1210 4021 1315 4094 Bgtralou
1328 4019 1377 4064 Eut·

291 4092 388 4140 serere:
412 4091 480 4140 unde
503 4088 519 4140 ὲ
544 4093 657 4142 Lucanis
678 4093 746 4142 dicti
772 4100 834 4142 sunt
859 4093 953 4156 tatbio,
980 4097 1082 4164 Bgovltot
1109 4097 1255 4152 Ptolemaeo,
1281 4089 1377 4138 B’l‘mm

289 4158 406 4228 oporiet,
418 4157 489 4223 quod
503 4173 593 4212 eorum
606 4159 698 4224 lingua
708 4159 835 4224 fugitivos
859 4157 945 4211 Festo.
978 4166 1075 4214 Eorum
1095 4163 1156 4214 verti
1177 4161 1251 4228 regio
1269 4148 1376 4226 beffl‘m

290 4233 381 4280 sonam
399 4225 423 4274 a*
435 4223 554 4274 Romanis
568 4223 631 4275 verb
650 4227 744 4284 Brettii,
758 4228 831 4292 quasi
862 4229 977 4294 Polybio,
993 4229 1103 4298 Bgselste
1122 4230 1254 4287 Strabone,
1270 4216 1374 4272 Diodoto

288 4288 368 4348 bruti,
379 4291 506 4342 vecordes
523 4292 551 4342 ὲῑ
568 4293 665 4358 stupidi
679 4314 685 4350 ;
703 4291 777 4358 quaid
794 4309 831 4343 se·
857 4307 883 4344 et
897 4297 1020 4346 Athenaeo
1033 4297 1139 4348 dieitur.

289 4355 374 4403 eundo
394 4357 462 4406 bello
487 4361 586 4408 Punico
605 4359 778 4416 descivissent
800 4361 832 4409 nel
890 4365 907 4413 :t
929 4365 1043 4424 Denique
1061 4359 1226 4426 Alexander]
1254 4352 1374 4407 ntotossun

284 4421 458 4484 Annibalem,
475 4441 556 4492 quare
568 4441 671 4494 semper
684 4427 740 4480 sine
755 4427 833 4479 hono·
856 4428 890 4480 de
902 4443 954 4502 quo
967 4427 1181 4494 supradiximus.
