2924 4918
358 260 365 274 ⁸
402 303 492 370 arn.
511 291 569 370 Π(
603 304 803 372 cnnxn.
980 307 986 318 ’

56 479 160 540 menie
173 477 487 556 uestramudiaimas,
501 477 647 542 atessam
659 479 712 564 qai
727 490 834 542 nostra
848 475 1005 540 darent?
1026 485 1040 516 ²
1060 477 1092 539 ui
1117 475 1180 538 st

55 585 112 626 non
128 568 188 626 bac
209 573 239 625 et
247 563 354 626 ‘Dario
364 565 468 647 prius,
482 577 513 626 et
526 585 608 627 nunc
623 563 736 641 Xerxi,
750 565 817 627 belli
833 584 925 626 causa
937 563 1087 625 nobiscum
1099 561 1156 646 'fa-
1294 639 1298 648 Ι

21 697 24 702 .
54 661 109 726 ret,
122 649 204 734 quod
209 669 260 711 uas
271 649 445 714 rebellantes
458 671 519 713 nort
529 648 751 712 destituimus?
766 648 852 736 Quin
867 660 920 711 aas
933 649 1157 710 inbacmastra
1214 711 1226 730 x
1252 663 1254 671 ⁴
1287 717 1289 724 Ι
1324 657 1330 672 ·

54 747 154 796 castra
163 755 202 797 ex
212 735 274 796 istd
290 735 444 798 obsidione
456 734 627 798 transitis?
641 733 758 797 tuaest
770 739 943 818 bosporum
954 744 1049 795 tutum
1060 745 1115 808 est,
1123 745 1157 796 at
1211 729 1265 814 ,ei
1376 761 1379 769 Δ

17 881 20 896 ,
53 839 105 882 aas
115 821 264 882 commissa
275 822 383 903 prelia
400 822 442 884 ite
453 823 571 896 cessim,
582 815 716 884 inhibete
726 811 827 906 remis,
839 819 900 882 etei
915 821 988 883 bello
1003 819 1158 901 discedite,
1168 869 1173 874 .

55 903 137 967 Ante
151 905 268 967 navalis
280 907 379 992 praelii
392 908 642 989 congressionem
659 908 786 968 miserat
800 901 924 967 Xerxes
938 921 1072 988 quatuor
1088 891 1156 967 ntl·
1372 981 1378 989 Ι

53 989 91 1052 lia
108 1006 298 1054 armatorum
322 990 489 1075 ¹Delphos,
501 993 545 1069 ad
560 993 712 1074 templum
736 991 910 1072 ²Apollinis
924 989 1154 1072 diripiendum:
1319 991 1370 1084 sn
1437 961 1442 1031 l

54 1075 187 1158 prorsbs,
204 1076 294 1157 quasi
309 1097 370 1138 non
382 1099 453 1140 cum
467 1074 590 1150 Graecis
605 1075 807 1151 tantum,sed
820 1091 933 1138 etcum
949 1077 1011 1138 diis
1028 1077 1156 1136 immor·
1365 1089 1366 1092 ’
1434 1072 1442 1177 l

54 1161 159 1224 talibus
187 1161 301 1224 bellum
323 1178 465 1244 gereret:
489 1173 572 1243 cquae
593 1183 703 1224 manus
718 1177 781 1223 tota
800 1162 953 1223 imbribus
970 1177 1001 1223 et
1017 1159 1155 1224 fulmini·
1319 1123 1436 1252 ὸχῑ

54 1245 106 1308 bus
117 1246 219 1309 deleta
233 1259 300 1321 est3
326 1262 359 1310 ut
376 1248 573 1330 intelligeret,
588 1243 682 1330 quim
699 1247 788 1310 nulla
804 1262 907 1308 essent
922 1247 1087 1310 hominum
1100 1249 1154 1310 ad·
1166 1263 1311 1316 nutante.
1337 1239 1356 1330 i
1422 1235 1433 1249 ’

53 1330 157 1394 versbs
173 1333 250 1394 deos
262 1333 356 1395 vires.
404 1335 481 1396 Post
493 1334 556 1398 haec
572 1333 750 1415 ³Thespias,
766 1348 797 1395 et
814 1333 953 1408 Platane,
966 1347 997 1396 et
1012 1331 1154 1395 Athenas
1162 1331 1204 1380 ⁰¹·
1215 1333 1256 1382 ⁷⁵·
1270 1332 1292 1378 ¹·

53 1435 159 1480 vacuas
180 1416 358 1482 hominibus
375 1419 532 1482 incendit:
556 1433 587 1482 et
602 1419 750 1500 quoniam
766 1417 850 1480 ferro
873 1418 903 1480 in
926 1417 1069 1480 homines
1093 1395 1315 1516 nonffifflgssss

53 1517 180 1584 poterat,
195 1503 227 1566 in
242 1503 373 1568 aedificia
387 1505 459 1588 igne
479 1519 645 1588 grassatur.
693 1504 841 1588 Namque
859 1501 1069 1566 Athenienses
1086 1519 1156 1586 post
1220 1501 1254 1514 ''
1308 1497 1315 1511 ‘

52 1605 183 1670 pugnam
206 1587 440 1652 Marathoniam
463 1605 671 1672 praemonente
693 1589 919 1664 Themistocle,
933 1585 1095 1652 victoriam
1109 1589 1162 1651 'il--

50 1671 108 1734 lam
122 1673 163 1735 de
177 1673 363 1751 Persis,aon
380 1675 485 1750 finem,
495 1676 551 1736 sed
561 1695 685 1736 causam
700 1673 828 1756 majoris
840 1673 911 1734 belli
924 1673 1045 1749 fure,cc
1060 1673 1156 1738 naves

51 1753 285 1820 fabricaverant.
330 1757 531 1820 Adventante
559 1759 656 1840 igitur
679 1757 796 1832 Xerxe,
822 1759 1052 1819 consulentibus
1080 1759 1156 1818 Del·

51 1839 117 1922 phis
143 1842 317 1919 oraculum,
338 1863 527 1925 responsum
546 1844 659 1919 fuerat,
679 1843 812 1904 Salutem
836 1861 936 1904 mures
958 1841 1069 1924 ligneis
1093 1854 1156 1905 tae·

53 1938 166 1990 rentur.
212 1927 442 1990 Themistocles
459 1928 585 1990 navium
601 1927 780 2010 presidium
798 1929 1045 1990 demonstratum
1062 1943 1157 2006 ratus,

51 2013 213 2092 persuadet
232 2013 377 2076 omuibus
394 2012 534 2077 Patriam
555 2015 720 2096 municipes
734 2035 805 2087 esse,
819 2033 882 2074 stou
899 2015 1029 2083 merua,-
1051 2015 1158 2074 civita·
1201 2023 1202 2028 ’

52 2107 162 2182 temque
169 2117 230 2162 aon
244 2101 279 2161 in
289 2097 438 2184 adificiis,
449 2098 544 2162 sedin
554 2099 827 2181 ciuibuspositam:
842 2097 949 2161 melitis
965 2100 1067 2184 itaque
1077 2101 1157 2160 sala·

52 2191 105 2242 mm
131 2185 267 2263 naribus,
295 2183 392 2269 qudm
414 2185 483 2248 arbi
511 2186 736 2248 commissuros:
761 2183 853 2268 lmjus
882 2185 1036 2246 sententia
1066 2187 1157 2248 etiam

51 2265 147 2330 Deum
162 2281 312 2334 auctorem
323 2293 395 2332 esse.
418 2271 552 2332 Probata
564 2269 705 2346 consilio,
720 2271 869 2352 conjuges
885 2267 1072 2352 liberosque,
1082 2293 1155 2336 cum

17 2439 19 2446 γ
52 2354 289 2433 pretiosissimis
298 2357 392 2421 rebus
419 2355 534 2420 abditis
559 2355 680 2433 insulis,
701 2355 807 2418 relicti
830 2353 918 2432 urbe,
944 2355 1152 2419 demandant:
1231 2437 1237 2460 x

1366 1249 1370 1263 l

1384 1305 1388 1319 l

385 2552 387 2556 ·
450 2525 746 2580 INTERPRETATIO.
774 2523 777 2530 '

82 2679 175 2740 aeota
191 2683 215 2731 ti
231 2690 256 2730 et
275 2679 373 2730 Darius
391 2677 466 2729 amad
482 2689 507 2728 et
525 2693 590 2728 auae
646 2675 726 2744 δᾼτιι
737 2680 758 2726 e·
770 2677 983 2742 mesenensem
992 2680 1100 2738 unietur,
1114 2695 1157 2726 aas
1184 2735 1186 2740 .

54 2742 216 2807 Ismenides*
229 2751 362 2802 taatume'a
374 2763 417 2796 aaa
432 2747 517 2795 bellum
533 2762 591 2808 ges·
612 2748 672 2794 inito
686 2747 821 2794 certamine,
827 2747 940 2794 recedite.
1076 2801 1081 2812 ,

54 2825 138 2871 ruunt,
148 2815 215 2875 quod
224 2817 390 2880 conjecimus,
399 2815 589 2863 duminPersas
645 2827 660 2859 c
678 2811 727 2870 Qui
738 2826 816 2858 amnes
831 2813 917 2861 milites
931 2813 1025 2876 pluuiis
1036 2822 1059 2860 et
1070 2811 1156 2876 saltui-

53 2877 253 2932 rebelleteratia?
611 2879 682 2927 albrat
690 2881 826 2942 periemtnt.
878 2913 880 2918 -

402 3075 405 3086 ·
457 3029 461 3042 Ἃ
532 3075 653 3161 ΜΕ.

53 3224 587 3308 titensheimetlonemsuseepil.·10l
611 3240 710 3302 hiatus,
724 3248 791 3304 erat,
807 3258 842 3294 ex
857 3255 911 3308 qno
928 3240 1035 3308 spiritus
1052 3255 1113 3292 acer
1130 3251 1157 3292 ct

53 3304 76 3355 in
88 3309 186 3364 Achaia
207 3311 344 3370 remansit,
355 3311 466 3375 ejusque
485 3309 588 3359 nomine
612 3309 751 3360 vehemens
766 3317 854 3359 vatem
870 3309 970 3374 tripodi
991 3307 1157 3360 insistentem

54 3373 82 3420 Ε
100 3375 220 3438 ialenses,
236 3381 310 3428 lones
321 3377 387 3426 dicti
399 3388 474 3434 aunt3
492 3375 540 3426 sed
556 3375 589 3424 ab
611 3376 782 3440 corripiebat,
794 3375 870 3427 statis
884 3375 987 3436 diebus,
999 3377 1095 3440 quibus
1106 3374 1157 3424 sari

55 3390 149 3494 nisam
165 3444 274 3496 sedibus
290 3443 369 3509 pulsi,
382 3441 496 3508 primum
509 3441 590 3492 Athe·
613 3442 713 3494 liceret.
746 3445 805 3492 Non
830 3457 889 3492 eum
918 3443 1011 3507 quovis
1038 3453 1157 3506 tempore

54 3519 95 3556 nas
105 3507 201 3562 deinde
217 3511 331 3562 ducibus
344 3509 425 3560 Nelea
440 3518 470 3560 et
489 3511 591 3561 Andro·
613 3509 660 3558 sed
669 3509 750 3560 certis
761 3508 864 3569 diebus,
874 3516 904 3558 ut
917 3509 1007 3558 ltlibus
1017 3509 1158 3558 relCalen-

54 3573 98 3636 cio,
116 3577 196 3628 Codri
215 3575 286 3637 liliis,
304 3593 365 3628 sese
384 3578 544 3641 receperunt
563 3575 588 3624 in
613 3576 667 3636 dis,
682 3587 840 3642 atigescente
857 3576 899 3624 vel
919 3574 1058 3626 deficiente
1075 3579 1157 3636 Luna,

55 3641 143 3694 Asiam.
176 3645 260 3712 Cujus
278 3652 378 3708 partem
399 3646 496 3694 Ioniam
516 3643 591 3694 dixe·
613 3643 753 3692 oraculum
765 3642 903 3692 consulere
914 3641 951 3690 fas
966 3651 1030 3690 erat.

55 3717 117 3769 runt,
134 3727 193 3778 quse
215 3711 327 3772 AEolide',
347 3711 440 3776 Lydia,
457 3711 545 3770 Caria,
563 3721 589 3760 et
646 3707 812 3774 impellitis]
827 3708 900 3758 lovis
918 3718 946 3758 et
961 3711 1064 3758 Latonae
1085 3708 1156 3758 iilius

55 3777 112 3824 mari
133 3781 226 3842 AEgen,
250 3777 366 3842 undique
392 3775 589 3832 terminabatur,
611 3773 673 3836 luit,
685 3788 712 3826 et
727 3778 813 3826 Dianae
830 3773 921 3834 frater,
938 3773 1036 3840 dequo
1052 3775 1157 3825 inliultas

55 3839 93 3888 ubi
101 3843 163 3892 olim
174 3847 302 3908 Ephesus,
316 3843 436 3902 Miletus,
446 3843 590 3908 Colophon,
613 3855 695 3906 prope
706 3840 806 3892 labulae.

56 3905 96 3955 &a
128 3911 270 3972 Maeander,
290 3915 407 3978 Cayster,
427 3919 455 3960 et
476 3913 590 3962 Hermus
647 3905 818 3972 Sllrespins]
831 3907 1024 3968 UrbsBoentioe,
1034 3909 1060 3956 in
1072 3906 1156 3959 ttrite

56 3969 120 4025 duvii
202 3981 255 4026 ham
613 3975 748 4033 Phocidis,
761 3975 881 4024 Heliconi
896 3976 977 4023 monti
987 3975 1079 4024 vicina.

85 3967 233 4108 maxa]
244 4045 310 4094 Urbs
318 4042 590 4102 Phocidisinhchaib,
646 4041 882 4103 nummismata]
893 4042 1103 4096 Alii'l'raeaenen,
1111 4036 1157 4087 alii

56 4105 85 4154 ad
93 4111 244 4160 Parnassum
254 4123 376 4172 montem,
386 4109 500 4159 Oraculo
512 4111 591 4172 Apol·
614 4109 799 4174 AEglnarmalii
819 4108 974 4158 Salaminam
993 4108 1065 4155 missi
1086 4113 1158 4153 stitit.

55 4171 109 4223 linis
122 4177 276 4238 clarissima,
293 4193 361 4227 nunc
377 4179 480 4242 Deltrlm
513 4179 592 4226 Tern-
614 4177 702 4225 Herod.
737 4175 789 4224 Sed
798 4191 887 4226 omnes
898 4176 1059 4224 humanitate
1070 4174 1158 4220 victos

55 4236 122 4299 plum
135 4253 195 4294 erat
207 4259 286 4308 supra
297 4257 414 4307 specum,
426 4240 524 4306 oppido
537 4257 591 4292 rnu-
614 4241 631 4291 ὲ
643 4241 775 4291 Traezenie
789 4243 855 4292 dicit
869 4243 935 4291 Plut.
946 4253 1058 4304 quorum
1070 4253 1158 4301 sump-

59 4317 132 4381 toque
138 4311 263 4370 cinctum,
274 4310 350 4360 aditu
359 4308 426 4362 aded
438 4307 550 4368 difficili,
560 4316 590 4358 ut
615 4299 685 4358 'tibus
699 4309 896 4361 Atheniensium
911 4306 987 4372 pueri
998 4302 1104 4370 publici
1122 4305 1159 4354 in-

55 4375 590 4441 exrguatantumsemitapateret‚quicon·
615 4375 706 4427 stituti
716 4381 783 4425 sunt.
1072 4397 1073 4400 ¹

57 4437 315 4499 sulturi'rncederem.
348 4446 376 4494 ln
393 4444 480 4498 medio
498 4441 590 4507 templi
