2894 4920
722 258 908 350 Jus’rtnu

268 459 340 503 cum
352 423 468 520 ingenti
481 437 619 501 exercitu
635 437 721 520 petit.
755 437 825 506 ,²Sic
841 435 1042 515 Macedonia,
1057 435 1089 499 in
1105 433 1183 498 duas
1195 421 1306 516 pattes‘
1313 433 1386 494 dis·
1446 512 1447 515 Ἴ

186 538 188 542 ’
268 527 462 588 currentibus
478 525 620 601 ducibus,
636 526 666 586 in
683 545 738 586 sua
754 523 872 586 viscera
888 521 1043 584 armatur:
1067 519 1248 602 ferrumque
1264 521 1306 580 ab
1322 519 1386 581 ho·
1446 534 1447 541 ¹

268 613 330 674 stili
348 611 426 672 bello
442 610 472 670 in
488 610 611 672 civilem
633 609 815 692 sanguinem
830 609 937 685 vertit„
950 607 1094 690 exemplo
1110 606 1386 686 furentiumsma·

267 714 373 760 nusae
389 696 527 758 membra
543 717 610 770 sua,
626 695 691 776 ipsa
714 713 839 756 caesura.
883 693 947 756 Sed
971 695 1156 755 Ptolemaeus
1179 690 1211 752 in
1226 689 1386 774 AEgypto‚

267 771 374 848 solerti
392 781 541 842 industrii
564 801 691 863 magnas
706 801 781 862 opes
796 781 941 862 parabam
964 780 1079 860 quippe
1100 794 1131 839 et
1146 775 1316 860 AEg'yptios
1334 777 1385 837 in·

268 867 349 950 signi
365 867 579 929 moderatione
596 867 627 928 in
641 865 781 927 favorem
798 865 847 926 sui
863 864 1100 928 sollicitaverat:
1123 878 1156 926 et
1175 883 1267 944 reges
1284 861 1386 922 liniti·

267 975 337 1018 moa
352 951 512 1014 beneficiis*
522 952 742 1034 obsequiisque
753 951 960 1014 devinxerat:
976 949 1126 1013 terminos
1138 969 1265 1030 quoque
1276 946 1385 1029 impe·

198 1063 200 1070 ⁴
241 1105 245 1116 ,
267 1040 319 1115 rii,
339 1037 489 1120 acquisiti
505 1037 641 1120 ¹Cyrene
660 1041 747 1112 urbe,
761 1037 982 1120 ampliaverat3
1004 1033 1167 1116 factusque
1185 1033 1255 1118 jam
1270 1047 1382 1096 tantus

268 1117 345 1198 erat,
360 1143 395 1186 nt
409 1145 469 1184 non
485 1139 547 1184 tatn
565 1125 701 1198 timeret,
717 1119 811 1204 quam
827 1123 986 1184 timendus
994 1122 1067 1202 ipsa
1082 1121 1223 1182 hostibus
1237 1132 1332 1181 esset.

312 1209 415 1270 CAP.
433 1207 513 1272 Vll.
536 1209 659 1291 Cyrene
675 1225 779 1270 autern
796 1208 920 1270 condita
935 1205 997 1270 fuit
1009 1208 1062 1274 ‘ab
1078 1206 1225 1284 Aristaeo,
1240 1202 1308 1267 bcui
1324 1224 1384 1266 no-

268 1317 340 1360 men
365 1296 487 1370 ³Battu‚
512 1310 639 1376 propter
660 1294 771 1373 linguae
793 1293 1014 1376 obligationem
1038 1292 1109 1354 fuit.
1155 1289 1261 1373 Hujus
1289 1305 1383 1372 pater

269 1382 398 1454 Grinns‚
413 1401 470 1442 rex
489 1379 616 1442 ⁴Therte
638 1381 755 1452 insulae,
771 1380 845 1443 chtn
868 1381 908 1440 ad
931 1379 1090 1441 oraculum
1116 1376 1268 1458 Delphos,
1284 1397 1385 1459 prop·

267 1481 316 1529 ter
330 1467 468 1526 dedecus
488 1466 692 1526 adolescentis
709 1464 763 1526 filii
778 1465 917 1526 nondum
934 1463 1101 1544 loquentis,
1115 1465 1209 1544 deum
1227 1462 1385 1544 depreca-

266 1568 356 1616 turus
370 1553 517 1625 venisset,
532 1571 713 1632 responsum
729 1551 858 1632 accepit,
871 1571 933 1630 quo
947 1549 1115 1632 jubebatur
1127 1549 1208 1610 filius
1220 1545 1290 1632 ejus
1304 1548 1384 1609 Bat-

267 1654 329 1712 ωε,
345 1636 484 1723 Africam
494 1649 609 1720 petere,
624 1650 652 1698 et
667 1637 770 1700 urbem
786 1637 931 1719 Cyre-nem
950 1636 1086 1711 candere,
1100 1655 1187 1696 urum
1200 1633 1319 1719 ling-tace
1337 1633 1387 1695 itt

268 1736 457 1806 accepturus.
501 1722 598 1786 c'Cutn
620 1743 802 1804 responsum
825 1721 960 1784 ludibrio
983 1722 1084 1783 simile
1099 1721 1270 1802 videretur,
1286 1739 1383 1802 prop-

267 1827 316 1873 ter
331 1811 532 1872 solitudinem
547 1807 662 1873 Therae
678 1809 798 1885 insulae,
813 1827 853 1870 ex
868 1809 929 1889 qui
944 1807 1045 1869 coloni
1061 1807 1101 1868 ad
1117 1808 1225 1868 urbem
1242 1805 1384 1869 condes·-

268 1899 341 1960 dam
365 1896 396 1956 in
414 1893 558 1956 Africam
581 1912 645 1955 tam
667 1909 758 1957 vastae
780 1894 919 1975 regionis
941 1892 1094 1977 proficisci
1112 1889 1314 1976 jubebantur,
1329 1913 1383 1953 res

268 1983 385 2044 omissa
400 1995 457 2042 est.
482 1979 651 2063 lnterjecto
666 1979 781 2041 deinde
797 1995 948 2061 tempore,
962 1978 1046 2040 velut
1061 1981 1271 2056 contumaces,
1282 1977 1383 2060 pesti-

267 2067 361 2129 tentia
375 2065 436 2125 deo
460 2065 571 2146 parere
594 2065 841 2146 compellunturt
864 2085 998 2146 quorum
1015 2078 1078 2125 tam
1093 2064 1224 2146 insignis
1237 2063 1383 2146 paucitas

267 2149 339 2226 fuit,
355 2164 390 2212 ut
404 2151 460 2210 vix
476 2171 569 2210 unam
584 2170 696 2212 navem
719 2152 918 2230 complerent.
964 2149 1049 2212 Ctim
1066 2151 1222 2212 uenissent
1233 2150 1269 2213 in
1286 2147 1384 2212 Afri-

266 2258 349 2312 cam,
361 2236 458 2318 pulsis
470 2235 593 2311 accolis,
607 2239 759 2305 ⁵mnntem
771 2236 887 2318 Cyran,
900 2251 932 2298 et
944 2249 1071 2319 propter
1081 2236 1290 2298 amoen'natem
1307 2235 1383 2315 loci,

260 2337 300 2384 ⁴et
316 2336 441 2404 propter
456 2320 590 2384 fontium
605 2322 779 2385 ubertatem
793 2324 999 2405 occupavere.
1037 2321 1088 2384 Ibi
1106 2322 1229 2404 Battus,
1242 2323 1312 2384 dux
1327 2343 1383 2384 eo-

267 2429 352 2485 rnm,
366 2408 478 2490 linguae
500 2407 738 2484 nodis‚,solutis‚
752 2409 839 2490 loqui
860 2408 998 2492 primum
1014 2411 1122 2492 coepit:
1144 2403 1231 2488 ‘'quae
1246 2427 1298 2471 res
1314 2409 1383 2470 ani-

268 2515 338 2559 mos
360 2515 481 2571 eorum,
496 2515 537 2558 cx
558 2494 719 2577 promissis
734 2495 786 2556 dei
803 2495 871 2578 jam
892 2511 978 2578 parte
1000 2495 1154 2578 percepti,
1168 2495 1200 2554 in
1222 2492 1381 2574 reliquam

268 2601 357 2664 spem
372 2575 542 2644 condendae
558 2581 643 2644 urbis
655 2582 807 2658 accendit,
827 2577 945 2644 Positis
961 2581 1058 2662 igitur
1070 2581 1189 2654 castris3
1197 2578 1382 2661 opinionem

185 2697 192 2704 ·
268 2665 384 2730 veteris
400 2665 509 2726 fabulae
525 2666 691 2749 accipiunt,
705 2667 871 2748 Cyrenem,
884 2668 1007 2734 exintiae
1022 2665 1263 2748 pulchritudinis
1277 2666 1382 2746 virgi-

257 2759 353 2832 nem,
364 2747 382 2810 εἶ
393 2750 562 2814 Thessaliae
574 2767 678 2814 monte
693 2751 798 2816 ⁶Pelio
810 2751 848 2814 ab
862 2749 1010 2835 Apolline
1024 2766 1155 2834 raptam,
1165 2752 1382 2834 perlatamque

672 2951 971 3004 INTERPRETATIO.

302 3121 317 3154 a
332 3108 373 3156 Sic
385 3107 537 3156 «Macedonia
554 3105 638 3154 bellum
653 3107 681 3154 a'n
697 3109 810 3172 reipsam
865 3101 952 3156 cotim
964 3112 1101 3170 reapanamn
1114 3104 1208 3152 oraculi
1221 3112 1385 3156 contemnere-

265 3177 343 3236 gerit,
353 3175 503 3240 principibus
511 3175 597 3221 diates
608 3175 634 3219 in
644 3176 706 3222 duaa
715 3183 810 3238 parter.
832 3183 882 3232 tur,
892 3177 951 3236 qnia
962 3175 1044 3222 insula
1058 3172 1219 3220 Theramenes
1229 3187 1314 3222 vacua
1327 3186 1383 3224 erat

269 3251 294 3288 et
302 3247 377 3289 vertit
390 3257 459 3288 arma
471 3243 497 3288 in
505 3242 617 3303 proprior
627 3245 692 3289 cinea
700 3249 756 3302 past
765 3243 811 3290 bel·
832 3243 863 3290 ab
874 3243 966 3289 incolit.

269 3310 316 3354 lmn
333 3312 358 3354 in
370 3309 486 3354 barbaros
500 3317 607 3368 gentum,
618 3310 691 3368 quasi
702 3310 748 3356 siti
759 3307 811 3356 vel·
865 3302 883 3355 d
901 3310 971 3367 Quod
979 3308 1139 3374 inflammavit
1149 3320 1230 3354 aarum
1242 3309 1385 3358 animnaad

267 3373 307 3420 lct
320 3389 383 3421 more
388 3373 528 3437 furentium
540 3374 682 3424 abeciadere
691 3390 776 3440 martur
788 3385 811 3424 et
832 3377 993 3424 extruendam
1005 3376 1095 3434 orbern,
1108 3375 1167 3436 quta
1180 3373 1240 3422 deut
1250 3378 1311 3440 jam
1323 3383 1383 3438 per-

268 3441 378 3487 anembrn.
832 3441 927 3502 fecerat
934 3445 1032 3506 partem
1039 3443 1220 3506 praenitroram.

302 3504 317 3552 b
334 3506 382 3564 Qua
393 3507 487 3556 Bnttur
503 3505 641 3558 nantuacus
655 3517 700 3569 eat,
720 3509 747 3558 ad
765 3509 811 3558 Iin-
1292 3507 1294 3510 ’

264 3587 342 3636 getam
351 3577 455 3638 ligatum
465 3578 494 3625 et
505 3574 671 3641 impeditam.

759 3705 874 3778 uorsa.
926 3717 929 3724 '

300 3881 314 3928 1
331 3881 424 3945 Cyame
431 3877 514 3943 arbe]
525 3879 603 3930 Nunc
617 3879 643 3930 in
655 3895 737 3947 regno
747 3883 810 3932 Bar·
832 3884 1019 3947 Spartanorum
1031 3876 1142 3939 colonia,
1151 3893 1209 3944 quae
1220 3885 1252 3930 ut
1262 3880 1384 3946 prlmtlm

265 3949 299 3998 cti
310 3944 403 3997 verstls
411 3948 508 4012 Syrtim
521 3945 809 4026 magnam‚0yrenal'cae
831 3963 866 3998 ex
883 3948 962 3998 undis
974 3953 1052 3998 enan
1062 3955 1112 4007 eat,
1127 3947 1228 3998 cataro
1240 3949 1319 4000 dicta
1330 3961 1384 4011 est,
1442 3980 1443 4011 ἦ

264 4014 380 4081 regionis
391 4015 454 4064 urbs
472 4014 605 4078 primaria,
616 4014 687 4064 inter
698 4018 807 4064 nucem
831 4011 926 4065 deinde
940 4016 1030 4066 Thera.
1442 4020 1443 4027 ’

264 4088 294 4132 et
305 4081 441 4131 Ammonis
453 4079 591 4144 templum.
865 4085 881 4130 ⁵
893 4083 1005 4132 Mentem
1019 4077 1125 4146 Cyrae]
1144 4081 1168 4130 A
1181 4093 1234 4147 quo
1253 4082 1321 4136 urbe
1333 4085 1388 4138 ev·

298 4151 366 4199 Mb
376 4146 499 4210 Aristeu]
510 4148 547 4196 At
558 4145 722 4204 Callimacho
732 4161 809 4198 voca·
831 4163 903 4210 tene,
920 4145 1010 4213 potius
1025 4144 1106 4213 qnam
1122 4146 1140 4198 a
1158 4147 1272 4214 virgine,
1284 4139 1385 4202 nomen

264 4221 308 4264 tur
320 4215 486 4271 Aristotelea.
696 4217 700 4223 '
735 4217 742 4236 ‘'
831 4215 944 4268 inditum
956 4223 1007 4266 esc
1443 4215 1444 4220 ’

298 4279 422 4346 afiarta]
432 4283 544 4332 Blesum
553 4277 693 4348 significat.
711 4280 808 4347 Libyes
866 4281 1292 4344 61²eb'0.]MonsestThessnllae,
1305 4282 1335 4332 in
1348 4286 1386 4332 si-

264 4361 354 4411 regem
366 4351 471 4400 Battum
482 4353 529 4400 sun
541 4347 631 4415 lingua
644 4347 786 4414 appellant.
831 4364 893 4400 num
918 4346 1082 4412 Pelasgicon
1100 4349 1268 4410 incumbent
1287 4351 1385 4418 gigan-

297 4415 438 4480 4Tlterae.]
459 4419 507 4470 Est
530 4415 605 4484 AEgei
625 4417 702 4469 matis
722 4415 809 4468 insula
834 4412 1170 4479 tumfsbnlianctiasimus.
