2906 4902
405 259 497 326 nm.
513 259 641 336 xciv.
685 257 788 346 car.
806 261 872 326 111.
964 241 995 345 J
1210 275 1215 284 =
1284 259 1348 336 ern

14 495 18 504 .
75 431 253 501 seculorum
265 431 346 497 serie
361 430 539 499 noum-iltis
552 431 620 500 dux
633 449 776 516 magrtns,
792 433 917 516 lpraeter
927 433 1097 582 Vichgren,
1109 431 1186 508 inite

77 517 133 603 qni
146 518 250 594 urnis
270 520 380 586 decem
403 517 809 584 Romanonrarii'victoria
829 518 983 603 fatigavit,
999 519 1032 602 (a
1079 519 1088 540 ⁸
1123 507 1344 582 ereb-m&

74 604 232 690 propiora,
242 599 337 687 quim
348 603 539 682 hominibus,
552 604 678 688 ingenia
694 602 821 686 gerunt)
836 622 931 688 quem
945 605 1048 688 ipsum
1064 627 1124 670 non
1172 577 1338 696 ·,⁰,‡b¹g⁸50¹5·
1357 657 1360 662 .

75 691 161 756 dicio
182 690 287 775 populi
307 689 453 768 electum,
465 691 522 754 sed
537 703 574 754 ut
588 690 718 754 cavendi
741 690 901 768 scientem,
916 691 1344 764 declinandorum-''Anacrsn

78 798 140 860 quc
157 776 366 861 periculorum
386 777 535 860 peritum,
549 776 648 850 secuti
672 791 754 839 eunt.
799 775 900 875 Cujus
912 799 949 838 en
962 779 1076 854 virtue,
1090 776 1188 839 conti·

75 864 242 946 nentiaque
257 861 328 939 fnit,
343 877 379 926 ut
392 860 468 927 ciem
483 863 674 944 ieonaulares
696 863 852 926 exercitus
866 861 1047 945 frequenter
1065 861 1189 936 vicerit,
1281 905 1282 908 ,
1378 875 1383 882 ·

76 949 169 1031 tantia
185 950 277 1014 rebus
297 949 393 1032 gestis
409 969 471 1012 non
492 951 662 1022 acinorum,
677 969 739 1010 non
759 947 855 1012 vestie
873 951 1003 1022 cultum,
1023 969 1083 1010 non
1100 947 1190 1010 deni·

75 1057 138 1118 que
155 1035 272 1098 victum
293 1036 480 1099 mutaverit:
504 1035 561 1118 sed
582 1033 614 1096 in
635 1055 675 1094 eo
694 1031 813 1116 habitu,
829 1055 892 1116 quo
914 1033 1055 1116 primum
1075 1029 1190 1095 bellare

75 1123 183 1206 eoepit,
192 1123 456 1205 perseveraverit;
472 1134 507 1182 ut
519 1118 623 1202 quivis
638 1119 801 1202 gregarius
814 1121 906 1184 miles
920 1120 988 1204 ipso
1001 1121 1201 1204 imperatore,

76 1207 437 1290 opulentiorvideretur.
748 1281 751 1286 Ι
1138 1201 1141 1209 ’

122 1292 227 1358 CAP.
242 1293 307 1356 lll.
325 1292 364 1356 I‘n
380 1289 552 1369 Lusitanis,
563 1291 656 1376 juxta
672 1289 803 1356 fluvium
817 1292 969 1377 ⁴Tagum,
985 1307 1078 1356 vento
1094 1311 1190 1374 equas
1199 1315 1331 1378 Equorum

75 1377 168 1442 foetus
182 1379 342 1460 concipere
359 1379 449 1444 multi
465 1394 609 1442 auctores
625 1377 811 1460 prodidere:
829 1397 899 1462 quae
911 1380 1023 1442 fabulae
1038 1401 1078 1442 ex
1094 1383 1326 1460 equo-Laurent-

74 1485 147 1531 rum
165 1464 373 1543 foecunditate,
386 1479 418 1528 et
440 1482 573 1548 gregum
597 1463 796 1550 multitudine
816 1481 896 1528 natae
922 1481 1013 1536 sunt:
1037 1467 1091 1550 qui
1113 1449 1333 1566 tantiffli'fflss·

73 1551 109 1612 in
136 1551 297 1614 ⁵Galleeii
322 1565 354 1616 et
378 1549 622 1626 Lusitaniam
646 1565 710 1614 tam
733 1551 874 1631 pernices
896 1551 1051 1629 visuntur,
1071 1518 1349 1636 nt'nonisscissio'ffljfi'

75 1634 238 1699 immerito
255 1652 347 1700 vento
368 1638 436 1719 ipso
450 1635 590 1717 concepti
610 1636 786 1698 videantur.
831 1637 959 1708 Callaeci
977 1653 1082 1699 autem
1101 1635 1274 1715 θνα-στερη,

76 1729 150 1786 cani
165 1722 225 1786 sibi
238 1723 390 1804 originem
407 1721 548 1784 afferunt.
586 1721 755 1803 Siquidem
766 1736 836 1804 post
852 1721 944 1782 finem
960 1722 1092 1805 Trojani
1108 1721 1192 1794 belli,

76 1808 255 1872 ⁷Teucrum
278 1822 377 1872 morte
393 1807 519 1892 ⁸Ajueis
534 1803 639 1876 fratris
661 1805 797 1870 invisum
817 1807 895 1890 patri
911 1805 1102 1885 ”Telamoni
1117 1809 1194 1870 crim
1243 1813 1245 1826 '

75 1915 141 1958 non
167 1894 357 1977 reciperetur
386 1893 418 1956 in
448 1913 593 1976 regnum,
624 1891 765 1974 Cyprum
796 1890 996 1970 concessisse,
1024 1907 1117 1976 atque
1148 1892 1192 1954 ibi

76 1982 190 2044 urbem
210 1981 336 2044 nomine
357 1980 492 2061 antiquae
514 1980 621 2062 patriae
646 1977 861 2040 ¹0Salaminam
877 1979 1066 2042 condidisse.
1112 1979 1191 2042 Inde

77 2067 205 2148 accepti
216 2068 360 2149 opinione
377 2081 511 2149 paterne
528 2066 647 2139 mortis,
663 2063 795 2146 patriam
804 2065 975 2148 repetisse„
1010 2065 1075 2130 Sed
1090 2065 1192 2148 quum
1287 2077 1297 2094 ‘

4 2179 9 2200 ,-
77 2155 119 2215 ab
139 2151 312 2235 Eurysace,
326 2151 438 2238 Ajacis
455 2151 529 2227 filio,
544 2171 671 2214 accensu
693 2150 919 2232 prohiberetur,
936 2151 1098 2235 Hispaniae
1121 2154 1351 2215 tito-Amnem·

30 2249 32 2254 '
77 2239 166 2302 ribus
182 2241 356 2322 appulsum,
370 2241 449 2316 loca,
464 2239 518 2300 ubi
539 2257 621 2300 nunc
642 2235 890 2324 eat-3¹Carthago
909 2259 989 2300 nova
1004 2231 1349 2326 occuptsoe:·⁴·⁶·¹¹⁷7·
1443 2265 1448 2274 ·

434 2481 437 2484 -
537 2425 539 2432 ’
577 2447 713 2503 norm

114 2621 236 2672 lPraeter
248 2616 389 2681 mentun]
401 2616 514 2668 Notione
525 2615 627 2670 Lusita-
648 2631 723 2668 oum:
743 2631 779 2668 ex
795 2615 847 2666 alib
861 2614 1059 2682 portugallinm,
1072 2619 1194 2672 Asturius

77 2687 268 2749 nortmanno
280 2695 357 2737 natus
368 2683 471 2746 humili,
482 2695 510 2736 et
520 2699 626 2750 pascen·
648 2694 676 2734 et
688 2689 807 2750 Regnum
822 2685 922 2734 leonis.

78 2758 125 2808 dis
137 2755 262 2821 greg-ibus
271 2768 338 2816 puer
347 2767 454 2815 opernm
463 2751 587 2808 dederam
599 2748 626 2802 ei
681 2752 698 2798 6
714 2749 870 2814 Lusitania]
889 2751 951 2808 Qun
962 2750 1046 2802 Durio
1056 2750 1196 2806 fluminei

76 2823 118 2875 rei
130 2819 250 2872 militaris
262 2820 374 2884 peritus,
386 2817 464 2866 cn'os
478 2817 627 2866 rudimenta
648 2819 838 2868 Tarraconensi
856 2818 1005 2876 Provincia,
1019 2819 1075 2870 Ant
1085 2817 1165 2869 iluvio
1177 2819 1196 2874 *a

77 2892 107 2944 in
120 2887 234 2953 publicis
254 2884 388 2936 itineribus
401 2835 553 2933 obsidendis
565 2898 626 2932 cnm
648 2883 750 2932 Boetice
762 2881 879 2932 discreta
895 2891 955 2933 erat
973 2885 1001 2934 id
1013 2879 1155 2951 temporis,
1166 2896 1196 2940 et

76 2959 211 3008 latronum
229 2967 307 3006 manu
318 2956 458 3018 posuerat:
477 2950 550 3000 unde,
562 2948 636 3018 mul·¹
649 2950 680 2999 ab
693 2949 798 3002 Oceano
814 2949 849 3002 ed
856 2950 998 3005 castellam
1011 2967 1101 3003 novam
1115 2956 1196 3020 perti·

77 3024 116 3076 tis
126 3022 160 3072 ed
171 3035 232 3072 enm
241 3017 445 3080 confluentibus,
453 3025 483 3066 et
491 3018 592 3068 milites
603 3021 626 3066 in
650 3017 736 3066 nebat.
888 3023 892 3034 ·
909 3055 913 3060 .

76 3090 158 3158 signa
168 3095 321 3154 turmasque
337 3085 485 3146 distribuit,
497 3095 525 3136 et
536 3087 629 3136 lloma·
681 3086 699 3137 7
712 3083 852 3148 renerum]
864 3084 914 3142 Qui
928 3081 1023 3134 ebello
1031 3085 1146 3154 Trojano
1155 3104 1196 3140 re·

77 3173 128 3210 nos
146 3155 222 3224 justo
243 3169 325 3222 prope
343 3150 464 3205 exercitu
486 3159 627 3220 eggressus
649 3149 733 3210 diens,
746 3150 808 3204 ided
820 3151 948 3202 Salamine
960 3151 1195 3219 inerntexpnleus‚

77 3234 131 3278 est.
290 3253 291 3258 =
649 3215 723 3284 qudd
739 3219 832 3285 Ajncis
852 3219 885 3269 ab
906 3219 1003 3285 Ulysse
1023 3219 1126 3270 insidiis
1140 3221 1195 3272 'cir-

95 3298 97 3304 '
115 3295 132 3344 2
144 3291 224 3340 Annio
243 3286 341 3351 decem]
361 3285 574 3345 Quatuordeeim'
586 3284 628 3336 ha·
650 3286 780 3336 cumrenti
794 3295 904 3336 mortem
915 3301 964 3350 non
977 3287 1048 3338 uitus
1057 3285 1162 3352 fuisset,

77 3361 146 3414 bent
157 3357 262 3412 Florus,
276 3355 394 3414 Orosius,
405 3361 433 3405 et
442 3354 499 3406 clii.
662 3392 664 3396 .
683 3353 816 3418 8Ajncr’22]
835 3355 996 3415 Graecorum,
1008 3369 1064 3406 ¹uno
1081 3364 1194 3422 excepto
1277 3375 1279 3382 ·

115 3429 132 3478 3
147 3425 292 3478 cananum
308 3417 455 3484 exercitu]
478 3421 627 3482 Vettilium,
650 3419 762 3482 Achille,
774 3419 936 3472 fortissimus
945 3420 1010 3482 -fuit,
1022 3423 1070 3488 qui
1086 3423 1112 3472 in
1123 3421 1196 3474 furo·
1211 3436 1214 3441 ’

77 3492 229 3550 Plaucium‚
241 3491 391 3551 claudium,
403 3489 550 3555 Nigidium,
562 3492 630 3542 Prat-
650 3503 705 3538 rem
722 3503 822 3548 remos,
835 3501 887 3552 prae
904 3487 985 3538 nimio
1003 3488 1104 3552 dolore,
1121 3489 1197 3556 quod
1225 3539 1228 3544 ,

77 3568 154 3614 tores
164 3558 244 3610 vicit:
257 3554 380 3616 lQointo
392 3557 472 3606 Fabio
480 3557 628 3616 AEmiliano,
649 3555 763 3614 Achillis
771 3569 902 3606 armenon
912 3555 1058 3624 retulisset,
1066 3573 1095 3608 se
1106 3557 1196 3625 glsdio

79 3626 213 3694 Scipionis
224 3625 412 3681 freneticum
423 3631 482 3682 ectr·
498 3639 559 3675 eum
572 3627 630 3676 Me·
650 3621 799 3672 transfodit.
903 3637 905 3644 ‘
972 3623 976 3627 '
1055 3682 1061 3688 .

79 3695 158 3754 tello,
171 3693 242 3744 vario
261 3695 349 3742 Marte
371 3699 513 3757 pugnatun
535 3688 553 3743 d
573 3693 628 3741 suis
682 3685 859 3752 oretanum]
880 3687 953 3741 AEaci
967 3687 1121 3750 filiuserat,
1139 3693 1197 3740 Rex

79 3761 189 3816 tandem
200 3761 225 3810 in
238 3767 320 3810 strnto
329 3759 462 3809 dormiens
475 3759 627 3820 noctu,Ser·
650 3755 798 3815 Salaminis„
821 3771 888 3808 unua
913 3771 948 3806 ex
967 3759 1136 3820 Argonautis,
1163 3757 1195 3806 ab

79 3828 238 3895 niliijussu,
248 3841 390 3892 oppressus
400 3833 451 3876 est.
652 3823 774 3883 Hercule,
790 3820 865 3888 qudd
883 3823 986 3886 primns
1002 3824 1090 3892 Trojar
1107 3839 1196 3874 mures

85 3891 88 3898 ’
117 3895 267 3960 erogem]
288 3893 396 3944 Flavius
413 3891 546 3956 Hispania·
562 3891 629 3942 cele·
649 3890 853 3950 conscendisset,
874 3891 986 3940 donatus
1015 3892 1140 3953 Hesione,
1161 3905 1197 3942 ex

81 3965 224 4024 berrimus,
234 3961 282 4028 qui
295 3970 368 4012 onus
386 3960 412 4010 in
424 3959 540 4010 cistella
553 3961 630 4020 nova,
651 3964 703 4025 qut
713 3964 789 4008 notus
799 3963 842 4006 eet
853 3959 966 4008 Teucer.

81 4049 135 4085 non
149 4031 245 4097 procul
259 4027 291 4082 ab
303 4027 459 4094 Art-agonia,
470 4027 591 4076 Toletum
604 4027 629 4077 in
686 4026 719 4076 10
738 4027 886 4075 Salaminam
910 4023 1065 4086 candidiore}
1084 4024 1198 4075 Cor-onia

81 4098 200 4152 castelli
212 4111 286 4157 nova,
298 4097 479 4162 Ulyssiponem
492 4094 518 4144 in
530 4094 636 4158 Ιιμείτᾳι,
652 4089 765 4158 primunr
778 4091 853 4142 dieta
863 4099 957 4152 ennea
968 4093 1071 4145 Erroedto
1079 4111 1089 4138 .·
1102 4091 1198 4144 deinde

83 4167 127 4218 nil
133 4163 336 4234 praeterlabitur,
344 4173 372 4214 et
379 4161 492 4214 occiduo
504 4162 634 4222 miscetur,
651 4160 815 4220 Constantia,
825 4175 859 4210 ee·
875 4161 1013 4226 Sceptrone:
1030 4171 1099 4208 nunc
1108 4161 1203 4212 Famae
1216 4187 1227 4192 -

84 4235 214 4288 Oceano„
672 4238 732 4280 ortu.
1129 4253 1131 4263 ‹

121 4297 281 4363 doctricem]
295 4301 358 4348 Pare
368 4293 553 4361 est'Hispaniae
561 4309 633 4346 max·
650 4245 672 4294 g
687 4297 718 4344 11
732 4296 857 4359 cnrrtiogo
868 4290 950 4354 noan]
962 4295 1024 4348 Quae
1036 4291 1061 4342 in
1075 4292 1198 4362 Hispania

84 4364 141 4414 ima
161 4367 187 4416 in
206 4369 336 4422 Oeensem
356 4371 481 4418 extenta:
505 4361 632 4414 terminos
652 4359 965 4416 Tarmconenciadcrnm
974 4361 1061 4412 maris.

85 4431 509 4502 nabetexunepaneooemnro
520 4429 634 4491 Atlanti
760 4441 764 4452 ·
1158 4429 1159 4434 ’
