<?xml version="1.0" encoding="UTF-8"?>
<!DOCTYPE html PUBLIC "-//W3C//DTD XHTML 1.0 Transitional//EN"
    "http://www.w3.org/TR/xhtml1/DTD/xhtml1-transitional.dtd">
<html xmlns="http://www.w3.org/1999/xhtml" xml:lang="en" lang="en">
 <head>
  <title>
</title>
<meta http-equiv="Content-Type" content="text/html;charset=utf-8" />
  <meta name='ocr-system' content='tesseract 3.04.00' />
  <meta name='ocr-capabilities' content='ocr_page ocr_carea ocr_par ocr_line ocrx_word'/>
</head>
<body>
  <div class='ocr_page' id='page_1' title='image "./justinusdehisto00bonggoog_0304.png"; bbox 0 0 2906 4902; ppageno 0'>
   <div class='ocr_carea' id='block_1_1' title="bbox 725 283 913 366">
    <p class='ocr_par' dir='ltr' id='par_1_1' title="bbox 725 283 913 366">
     <span class='ocr_line' id='line_1_1' title="bbox 725 283 913 366; baseline -0.016 -17"><span class='ocrx_word' id='word_1_1' title='bbox 725 283 913 366; x_wconf 82' lang='lat' dir='ltr'>Jusrrm</span> 
     </span>
    </p>
   </div>
   <div class='ocr_carea' id='block_1_2' title="bbox 3 447 1406 3542">
    <p class='ocr_par' dir='ltr' id='par_1_2' title="bbox 260 447 1406 537">
     <span class='ocr_line' id='line_1_2' title="bbox 260 447 1406 537; baseline -0.005 -19"><span class='ocrx_word' id='word_1_2' title='bbox 260 456 320 520; x_wconf 86' lang='lat' dir='ltr'>bus</span> <span class='ocrx_word' id='word_1_3' title='bbox 339 455 577 530; x_wconf 84' lang='lat' dir='ltr'>confluentibus,</span> <span class='ocrx_word' id='word_1_4' title='bbox 591 456 702 519; x_wconf 83' lang='lat' dir='ltr'>obvius</span> <span class='ocrx_word' id='word_1_5' title='bbox 718 455 829 536; x_wconf 83' lang='lat' dir='ltr'>legatis</span> <span class='ocrx_word' id='word_1_6' title='bbox 851 453 1078 528; x_wconf 84' lang='lat' dir='ltr'>Romanorum,</span> <span class='ocrx_word' id='word_1_7' title='bbox 1093 451 1231 537; x_wconf 76' lang='lat' dir='ltr'>Scipioni</span> <span class='ocrx_word' id='word_1_8' title='bbox 1249 447 1406 516; x_wconf 67' lang='lat' dir='ltr'>Africa..</span> 
     </span>
    </p>

    <p class='ocr_par' dir='ltr' id='par_1_3' title="bbox 261 535 1402 624">
     <span class='ocr_line' id='line_1_3' title="bbox 261 535 1402 624; baseline -0.004 -20"><span class='ocrx_word' id='word_1_9' title='bbox 261 563 313 614; x_wconf 91' lang='lat' dir='ltr'>no,</span> <span class='ocrx_word' id='word_1_10' title='bbox 324 549 356 604; x_wconf 78' lang='lat' dir='ltr'>et</span> <span class='ocrx_word' id='word_1_11' title='bbox 369 541 481 624; x_wconf 87' lang='lat' dir='ltr'>Spurio</span> <span class='ocrx_word' id='word_1_12' title='bbox 499 541 671 615; x_wconf 81' lang='lat' dir='ltr'>Mummio,</span> <span class='ocrx_word' id='word_1_13' title='bbox 683 555 714 604; x_wconf 90' lang='lat' dir='ltr'>et</span> <span class='ocrx_word' id='word_1_14' title='bbox 725 541 766 602; x_wconf 89' lang='lat' dir='ltr'>L.</span> <span class='ocrx_word' id='word_1_15' title='bbox 780 539 925 614; x_wconf 89' lang='lat' dir='ltr'>Metello,</span> <span class='ocrx_word' id='word_1_16' title='bbox 938 541 992 618; x_wconf 88' lang='lat' dir='ltr'>qui</span> <span class='ocrx_word' id='word_1_17' title='bbox 1003 540 1048 602; x_wconf 84' lang='lat' dir='ltr'>&#39;ad</span> <span class='ocrx_word' id='word_1_18' title='bbox 1067 535 1260 621; x_wconf 85' lang='lat' dir='ltr'>inspicienda</span> <span class='ocrx_word' id='word_1_19' title='bbox 1280 539 1402 610; x_wconf 83' lang='lat' dir='ltr'>socio·</span> 
     </span>
    </p>

    <p class='ocr_par' dir='ltr' id='par_1_4' title="bbox 260 621 1400 710">
     <span class='ocr_line' id='line_1_4' title="bbox 260 621 1400 710; baseline -0.004 -20"><span class='ocrx_word' id='word_1_20' title='bbox 260 643 332 690; x_wconf 80' lang='lat' dir='ltr'>rum</span> <span class='ocrx_word' id='word_1_21' title='bbox 348 647 444 708; x_wconf 85' lang='lat' dir='ltr'>regna</span> <span class='ocrx_word' id='word_1_22' title='bbox 455 627 629 696; x_wconf 84' lang='lat' dir='ltr'>veniebant,</span> <span class='ocrx_word' id='word_1_23' title='bbox 643 627 794 710; x_wconf 79' lang='lat' dir='ltr'><strong>procedit.</strong></span> <span class='ocrx_word' id='word_1_24' title='bbox 818 625 880 686; x_wconf 87' lang='lat' dir='ltr'>Sed</span> <span class='ocrx_word' id='word_1_25' title='bbox 897 621 990 706; x_wconf 72' lang='lat' dir='ltr'>quim</span> <span class='ocrx_word' id='word_1_26' title='bbox 1006 641 1152 707; x_wconf 83' lang='lat' dir='ltr'>cruentus</span> <span class='ocrx_word' id='word_1_27' title='bbox 1165 625 1307 700; x_wconf 84' lang='lat' dir='ltr'>civibus,</span> <span class='ocrx_word' id='word_1_28' title='bbox 1320 639 1400 686; x_wconf 91' lang='lat' dir='ltr'>tam</span> 
     </span>
    </p>

    <p class='ocr_par' dir='ltr' id='par_1_5' title="bbox 261 709 1399 790">
     <span class='ocr_line' id='line_1_5' title="bbox 261 709 1399 790; baseline -0.003 -16"><span class='ocrx_word' id='word_1_29' title='bbox 261 713 422 776; x_wconf 57' lang='lat' dir='ltr'>ridiculus*</span> <span class='ocrx_word' id='word_1_30' title='bbox 430 712 580 776; x_wconf 86' lang='lat' dir='ltr'>Romanis</span> <span class='ocrx_word' id='word_1_31' title='bbox 596 711 668 774; x_wconf 81' lang='lat' dir='ltr'>suit.</span> <span class='ocrx_word' id='word_1_32' title='bbox 704 711 782 772; x_wconf 85' lang='lat' dir='ltr'>Erat</span> <span class='ocrx_word' id='word_1_33' title='bbox 796 711 924 772; x_wconf 84' lang='lat' dir='ltr'>enimet</span> <span class='ocrx_word' id='word_1_34' title='bbox 938 711 1026 772; x_wconf 87' lang='lat' dir='ltr'>vultu</span> <span class='ocrx_word' id='word_1_35' title='bbox 1039 709 1249 790; x_wconf 85' lang='lat' dir='ltr'>deformis,et</span> <span class='ocrx_word' id='word_1_36' title='bbox 1261 714 1399 772; x_wconf 66' lang='lat' dir='ltr'>statura</span> 
     </span>
    </p>

    <p class='ocr_par' dir='ltr' id='par_1_6' title="bbox 262 783 1399 879">
     <span class='ocr_line' id='line_1_6' title="bbox 262 783 1399 879; baseline -0.003 -20"><span class='ocrx_word' id='word_1_37' title='bbox 262 799 375 872; x_wconf 82' lang='lat' dir='ltr'>brevis,</span> <span class='ocrx_word' id='word_1_38' title='bbox 391 807 422 860; x_wconf 88' lang='lat' dir='ltr'>et</span> <span class='ocrx_word' id='word_1_39' title='bbox 433 799 540 879; x_wconf 73' lang='lat' dir='ltr'>sagina</span> <span class='ocrx_word' id='word_1_40' title='bbox 554 800 670 862; x_wconf 84' lang='lat' dir='ltr'>ventris</span> <span class='ocrx_word' id='word_1_41' title='bbox 685 819 746 860; x_wconf 89' lang='lat' dir='ltr'>uon</span> <span class='ocrx_word' id='word_1_42' title='bbox 762 783 894 869; x_wconf 88' lang='lat' dir='ltr'>homini,</span> <span class='ocrx_word' id='word_1_43' title='bbox 904 797 960 858; x_wconf 89' lang='lat' dir='ltr'>sed</span> <span class='ocrx_word' id='word_1_44' title='bbox 976 797 1086 858; x_wconf 82' lang='lat' dir='ltr'>bclluae</span> <span class='ocrx_word' id='word_1_45' title='bbox 1102 797 1227 859; x_wconf 85' lang='lat' dir='ltr'>similis.</span> <span class='ocrx_word' id='word_1_46' title='bbox 1269 795 1399 870; x_wconf 75' lang='lat' dir='ltr'>Quam</span> 
     </span>
    </p>

    <p class='ocr_par' dir='ltr' id='par_1_7' title="bbox 261 883 1397 964">
     <span class='ocr_line' id='line_1_7' title="bbox 261 883 1397 964; baseline -0.002 -18"><span class='ocrx_word' id='word_1_47' title='bbox 261 885 431 948; x_wconf 83' lang='lat' dir='ltr'>soeditatem</span> <span class='ocrx_word' id='word_1_48' title='bbox 454 883 551 944; x_wconf 88' lang='lat' dir='ltr'>nimia</span> <span class='ocrx_word' id='word_1_49' title='bbox 573 884 725 946; x_wconf 81' lang='lat' dir='ltr'>subtilitas</span> <span class='ocrx_word' id='word_1_50' title='bbox 752 883 934 964; x_wconf 83' lang='lat' dir='ltr'>perlucidiae</span> <span class='ocrx_word' id='word_1_51' title='bbox 957 883 1053 944; x_wconf 87' lang='lat' dir='ltr'>vestis</span> <span class='ocrx_word' id='word_1_52' title='bbox 1080 883 1226 964; x_wconf 81' lang='lat' dir='ltr'>augebat,</span> <span class='ocrx_word' id='word_1_53' title='bbox 1248 903 1397 964; x_wconf 87' lang='lat' dir='ltr'>prorsus</span> 
     </span>
    </p>

    <p class='ocr_par' dir='ltr' id='par_1_8' title="bbox 262 967 1395 1052">
     <span class='ocr_line' id='line_1_8' title="bbox 262 967 1395 1052; baseline -0.003 -21"><span class='ocrx_word' id='word_1_54' title='bbox 262 971 350 1051; x_wconf 87' lang='lat' dir='ltr'>qnasi</span> <span class='ocrx_word' id='word_1_55' title='bbox 367 985 434 1030; x_wconf 87' lang='lat' dir='ltr'>astu</span> <span class='ocrx_word' id='word_1_56' title='bbox 451 970 643 1049; x_wconf 87' lang='lat' dir='ltr'>inspicienda</span> <span class='ocrx_word' id='word_1_57' title='bbox 656 970 875 1052; x_wconf 85' lang='lat' dir='ltr'>praebereutur,</span> <span class='ocrx_word' id='word_1_58' title='bbox 885 984 953 1049; x_wconf 84' lang='lat' dir='ltr'>quae</span> <span class='ocrx_word' id='word_1_59' title='bbox 969 967 1054 1028; x_wconf 88' lang='lat' dir='ltr'>omni</span> <span class='ocrx_word' id='word_1_60' title='bbox 1069 968 1176 1030; x_wconf 90' lang='lat' dir='ltr'>studio</span> <span class='ocrx_word' id='word_1_61' title='bbox 1191 968 1395 1032; x_wconf 85' lang='lat' dir='ltr'>occultanda</span> 
     </span>
    </p>

    <p class='ocr_par' dir='ltr' id='par_1_9' title="bbox 261 1054 1392 1138">
     <span class='ocr_line' id='line_1_9' title="bbox 261 1054 1392 1138; baseline -0.004 -20"><span class='ocrx_word' id='word_1_62' title='bbox 261 1055 445 1137; x_wconf 86' lang='lat' dir='ltr'>pudibundo</span> <span class='ocrx_word' id='word_1_63' title='bbox 460 1056 528 1116; x_wconf 85' lang='lat' dir='ltr'>viro</span> <span class='ocrx_word' id='word_1_64' title='bbox 543 1071 641 1116; x_wconf 82' lang='lat' dir='ltr'>erant.</span> <span class='ocrx_word' id='word_1_65' title='bbox 681 1055 757 1116; x_wconf 88' lang='lat' dir='ltr'>Post</span> <span class='ocrx_word' id='word_1_66' title='bbox 771 1055 943 1116; x_wconf 85' lang='lat' dir='ltr'>discessum</span> <span class='ocrx_word' id='word_1_67' title='bbox 960 1054 1074 1115; x_wconf 87' lang='lat' dir='ltr'>deinde</span> <span class='ocrx_word' id='word_1_68' title='bbox 1087 1054 1266 1137; x_wconf 79' lang='lat' dir='ltr'>legatorum</span> <span class='ocrx_word' id='word_1_69' title='bbox 1286 1054 1392 1138; x_wconf 88' lang='lat' dir='ltr'>(quo-</span> 
     </span>
    </p>

    <p class='ocr_par' dir='ltr' id='par_1_10' title="bbox 260 1139 1389 1222">
     <span class='ocr_line' id='line_1_10' title="bbox 260 1139 1389 1222; baseline -0.005 -18"><span class='ocrx_word' id='word_1_70' title='bbox 260 1162 331 1204; x_wconf 81' lang='lat' dir='ltr'>rum</span> <span class='ocrx_word' id='word_1_71' title='bbox 353 1140 537 1218; x_wconf 86' lang='lat' dir='ltr'>Africanus,</span> <span class='ocrx_word' id='word_1_72' title='bbox 559 1143 635 1204; x_wconf 84' lang='lat' dir='ltr'>du&#39;m</span> <span class='ocrx_word' id='word_1_73' title='bbox 660 1140 783 1222; x_wconf 85' lang='lat' dir='ltr'>inspicit</span> <span class='ocrx_word' id='word_1_74' title='bbox 806 1141 927 1215; x_wconf 91' lang='lat' dir='ltr'>urbem,</span> <span class='ocrx_word' id='word_1_75' title='bbox 947 1139 1123 1222; x_wconf 86' lang='lat' dir='ltr'>spectaculo</span> <span class='ocrx_word' id='word_1_76' title='bbox 1147 1139 1389 1202; x_wconf 82' lang='lat' dir='ltr'>Alexandrinis</span> 
     </span>
    </p>

    <p class='ocr_par' dir='ltr' id='par_1_11' title="bbox 260 1223 1387 1312">
     <span class='ocr_line' id='line_1_11' title="bbox 260 1223 1387 1312; baseline 0.001 -25"><span class='ocrx_word' id='word_1_77' title='bbox 260 1225 336 1308; x_wconf 84' lang='lat' dir='ltr'>fuit)</span> <span class='ocrx_word' id='word_1_78' title='bbox 343 1227 411 1312; x_wconf 87' lang='lat' dir='ltr'>jam</span> <span class='ocrx_word' id='word_1_79' title='bbox 424 1228 522 1291; x_wconf 90' lang='lat' dir='ltr'>etiam</span> <span class='ocrx_word' id='word_1_80' title='bbox 538 1227 658 1310; x_wconf 85' lang='lat' dir='ltr'>populo.</span> <span class='ocrx_word' id='word_1_81' title='bbox 664 1225 828 1309; x_wconf 79' lang='lat' dir='ltr'>peregrino</span> <span class='ocrx_word' id='word_1_82' title='bbox 841 1223 971 1300; x_wconf 86' lang='lat' dir='ltr'>invisus,</span> <span class='ocrx_word' id='word_1_83' title='bbox 983 1241 1057 1286; x_wconf 89' lang='lat' dir='ltr'>cum</span> <span class='ocrx_word' id='word_1_84' title='bbox 1071 1223 1147 1300; x_wconf 85' lang='lat' dir='ltr'>filio,</span> <span class='ocrx_word' id='word_1_85' title='bbox 1157 1245 1254 1305; x_wconf 88' lang='lat' dir='ltr'>quern</span> <span class='ocrx_word' id='word_1_86' title='bbox 1269 1245 1318 1288; x_wconf 84' lang='lat' dir='ltr'>ex</span> <span class='ocrx_word' id='word_1_87' title='bbox 1333 1246 1387 1288; x_wconf 89' lang='lat' dir='ltr'>so·</span> 
     </span>
    </p>

    <p class='ocr_par' dir='ltr' id='par_1_12' title="bbox 260 1309 1386 1395">
     <span class='ocr_line' id='line_1_12' title="bbox 260 1309 1386 1395; baseline -0.002 -21"><span class='ocrx_word' id='word_1_88' title='bbox 260 1333 330 1374; x_wconf 89' lang='lat' dir='ltr'>rore</span> <span class='ocrx_word' id='word_1_89' title='bbox 344 1318 532 1395; x_wconf 80' lang='lat' dir='ltr'>susceperat,</span> <span class='ocrx_word' id='word_1_90' title='bbox 547 1329 665 1374; x_wconf 87' lang='lat' dir='ltr'>etcum</span> <span class='ocrx_word' id='word_1_91' title='bbox 686 1311 921 1387; x_wconf 82' lang='lat' dir='ltr'>uxore,rnatris</span> <span class='ocrx_word' id='word_1_92' title='bbox 937 1311 1057 1393; x_wconf 87' lang='lat' dir='ltr'>pellice,</span> <span class='ocrx_word' id='word_1_93' title='bbox 1072 1325 1159 1374; x_wconf 91' lang='lat' dir='ltr'>metu</span> <span class='ocrx_word' id='word_1_94' title='bbox 1175 1309 1386 1381; x_wconf 83' lang='lat' dir='ltr'>insidiarum,</span> 
     </span>
    </p>

    <p class='ocr_par' dir='ltr' id='par_1_13' title="bbox 259 1391 1386 1480">
     <span class='ocr_line' id='line_1_13' title="bbox 259 1391 1386 1480; baseline -0.001 -21"><span class='ocrx_word' id='word_1_95' title='bbox 259 1398 384 1460; x_wconf 86' lang='lat' dir='ltr'>¹tacitus</span> <span class='ocrx_word' id='word_1_96' title='bbox 399 1397 430 1464; x_wconf 81' lang='lat' dir='ltr'>in</span> <span class='ocrx_word' id='word_1_97' title='bbox 445 1391 574 1460; x_wconf 83' lang='lat' dir='ltr'>exilium</span> <span class='ocrx_word' id='word_1_98' title='bbox 589 1397 816 1480; x_wconf 86' lang='lat' dir='ltr'>proficiscitur:</span> <span class='ocrx_word' id='word_1_99' title='bbox 840 1411 1059 1478; x_wconf 82' lang='lat' dir='ltr'>contractoque</span> <span class='ocrx_word' id='word_1_100' title='bbox 1076 1397 1272 1459; x_wconf 85' lang='lat' dir='ltr'>mercenario</span> <span class='ocrx_word' id='word_1_101' title='bbox 1286 1417 1386 1458; x_wconf 85' lang='lat' dir='ltr'>exer·</span> 
     </span>
    </p>

    <p class='ocr_par' dir='ltr' id='par_1_14' title="bbox 260 1479 1384 1566">
     <span class='ocr_line' id='line_1_14' title="bbox 260 1479 1384 1566; baseline -0.002 -21"><span class='ocrx_word' id='word_1_102' title='bbox 260 1482 335 1555; x_wconf 80' lang='lat' dir='ltr'>citu,</span> <span class='ocrx_word' id='word_1_103' title='bbox 351 1483 466 1544; x_wconf 91' lang='lat' dir='ltr'>bellum</span> <span class='ocrx_word' id='word_1_104' title='bbox 482 1484 581 1544; x_wconf 89' lang='lat' dir='ltr'>sorori</span> <span class='ocrx_word' id='word_1_105' title='bbox 598 1485 713 1564; x_wconf 88' lang='lat' dir='ltr'>pariter</span> <span class='ocrx_word' id='word_1_106' title='bbox 727 1505 764 1546; x_wconf 88' lang='lat' dir='ltr'>ae</span> <span class='ocrx_word' id='word_1_107' title='bbox 780 1483 885 1564; x_wconf 86' lang='lat' dir='ltr'>patriae</span> <span class='ocrx_word' id='word_1_108' title='bbox 900 1481 1004 1564; x_wconf 76' lang='lat' dir='ltr'>insert.</span> <span class='ocrx_word' id='word_1_109' title='bbox 1050 1479 1251 1566; x_wconf 82' lang='lat' dir='ltr'>Arcessitum</span> <span class='ocrx_word' id='word_1_110' title='bbox 1274 1483 1384 1544; x_wconf 84' lang='lat' dir='ltr'>maxi·</span> 
     </span>
    </p>

    <p class='ocr_par' dir='ltr' id='par_1_15' title="bbox 177 1565 1382 1648">
     <span class='ocr_line' id='line_1_15' title="bbox 177 1565 1382 1648; baseline 0 -18"><span class='ocrx_word' id='word_1_111' title='bbox 177 1565 181 1570; x_wconf 77' lang='grc'>’</span> <span class='ocrx_word' id='word_1_112' title='bbox 248 1589 346 1639; x_wconf 42' lang='lat' dir='ltr'>,mum</span> <span class='ocrx_word' id='word_1_113' title='bbox 363 1567 477 1630; x_wconf 88' lang='lat' dir='ltr'>deiude</span> <span class='ocrx_word' id='word_1_114' title='bbox 494 1565 511 1627; x_wconf 75' lang='grc' dir='ltr'>ὲ</span> <span class='ocrx_word' id='word_1_115' title='bbox 528 1567 660 1648; x_wconf 83' lang='lat' dir='ltr'>Cyrenis</span> <span class='ocrx_word' id='word_1_116' title='bbox 674 1568 830 1643; x_wconf 85' lang='lat' dir='ltr'>lilium,ue</span> <span class='ocrx_word' id='word_1_117' title='bbox 847 1588 919 1628; x_wconf 86' lang='lat' dir='ltr'>enm</span> <span class='ocrx_word' id='word_1_118' title='bbox 931 1567 1139 1630; x_wconf 80' lang='lat' dir='ltr'>Alexandrini</span> <span class='ocrx_word' id='word_1_119' title='bbox 1155 1583 1264 1632; x_wconf 83' lang='lat' dir='ltr'>contra</span> <span class='ocrx_word' id='word_1_120' title='bbox 1280 1565 1317 1630; x_wconf 85' lang='lat' dir='ltr'>se</span> <span class='ocrx_word' id='word_1_121' title='bbox 1329 1589 1382 1630; x_wconf 88' lang='lat' dir='ltr'>re·</span> 
     </span>
    </p>

    <p class='ocr_par' dir='ltr' id='par_1_16' title="bbox 260 1653 1383 1776">
     <span class='ocr_line' id='line_1_16' title="bbox 260 1653 1383 1776; baseline 0.002 -62"><span class='ocrx_word' id='word_1_122' title='bbox 260 1675 332 1776; x_wconf 58' lang='lat' dir='ltr'>pern</span> <span class='ocrx_word' id='word_1_123' title='bbox 345 1669 494 1753; x_wconf 73' lang='lat' dir='ltr'>crearent,</span> <span class='ocrx_word' id='word_1_124' title='bbox 505 1654 666 1737; x_wconf 76' lang='lat' dir='ltr'>interficit.</span> <span class='ocrx_word' id='word_1_125' title='bbox 702 1655 793 1752; x_wconf 76' lang='lat' dir='ltr'>Tunc</span> <span class='ocrx_word' id='word_1_126' title='bbox 808 1653 941 1752; x_wconf 82' lang='lat' dir='ltr'>populus</span> <span class='ocrx_word' id='word_1_127' title='bbox 955 1668 1077 1754; x_wconf 62' lang='lat' dir='ltr'>statuas,</span> <span class='ocrx_word' id='word_1_128' title='bbox 1088 1668 1119 1715; x_wconf 92' lang='lat' dir='ltr'>et</span> <span class='ocrx_word' id='word_1_129' title='bbox 1134 1653 1293 1753; x_wconf 78' lang='lat' dir='ltr'>imagines</span> <span class='ocrx_word' id='word_1_130' title='bbox 1310 1653 1383 1738; x_wconf 85' lang='lat' dir='ltr'>ejus</span> 
     </span>
    </p>

    <p class='ocr_par' dir='ltr' id='par_1_17' title="bbox 274 1737 1383 1822">
     <span class='ocr_line' id='line_1_17' title="bbox 274 1737 1383 1822; baseline 0 -22"><span class='ocrx_word' id='word_1_131' title='bbox 274 1740 419 1801; x_wconf 85' lang='lat' dir='ltr'>detrahrt.</span> <span class='ocrx_word' id='word_1_132' title='bbox 443 1738 540 1813; x_wconf 79' lang='lat' dir='ltr'>Quod</span> <span class='ocrx_word' id='word_1_133' title='bbox 555 1737 671 1804; x_wconf 84' lang='lat' dir='ltr'>factum</span> <span class='ocrx_word' id='word_1_134' title='bbox 687 1742 792 1802; x_wconf 86' lang='lat' dir='ltr'>studro</span> <span class='ocrx_word' id='word_1_135' title='bbox 808 1759 924 1801; x_wconf 72' lang='lat' dir='ltr'>sororis</span> <span class='ocrx_word' id='word_1_136' title='bbox 940 1757 1134 1813; x_wconf 74' lang='lat' dir='ltr'>existimans,</span> <span class='ocrx_word' id='word_1_137' title='bbox 1151 1739 1263 1814; x_wconf 78' lang='lat' dir='ltr'>fillum,</span> <span class='ocrx_word' id='word_1_138' title='bbox 1280 1760 1383 1822; x_wconf 88' lang='lat' dir='ltr'>quem</span> 
     </span>
    </p>

    <p class='ocr_par' dir='ltr' id='par_1_18' title="bbox 205 1825 1381 1908">
     <span class='ocr_line' id='line_1_18' title="bbox 205 1825 1381 1908; baseline 0 -20"><span class='ocrx_word' id='word_1_139' title='bbox 205 1887 209 1906; x_wconf 65' lang='grc'>,</span> <span class='ocrx_word' id='word_1_140' title='bbox 260 1847 301 1888; x_wconf 87' lang='lat' dir='ltr'>ex</span> <span class='ocrx_word' id='word_1_141' title='bbox 313 1829 348 1886; x_wconf 76' lang='lat' dir='ltr'>et</span> <span class='ocrx_word' id='word_1_142' title='bbox 362 1839 550 1908; x_wconf 82' lang='lat' dir='ltr'>susceperat,</span> <span class='ocrx_word' id='word_1_143' title='bbox 566 1827 721 1898; x_wconf 84' lang='lat' dir='ltr'>interficit,</span> <span class='ocrx_word' id='word_1_144' title='bbox 734 1845 908 1906; x_wconf 84' lang='lat' dir='ltr'>corpusque</span> <span class='ocrx_word' id='word_1_145' title='bbox 924 1825 956 1888; x_wconf 88' lang='lat' dir='ltr'>in</span> <span class='ocrx_word' id='word_1_146' title='bbox 972 1827 1113 1886; x_wconf 88' lang='lat' dir='ltr'>membra</span> <span class='ocrx_word' id='word_1_147' title='bbox 1127 1825 1281 1898; x_wconf 87' lang='lat' dir='ltr'>divisum,</span> <span class='ocrx_word' id='word_1_148' title='bbox 1299 1843 1334 1888; x_wconf 88' lang='lat' dir='ltr'>et</span> <span class='ocrx_word' id='word_1_149' title='bbox 1350 1828 1381 1888; x_wconf 88' lang='lat' dir='ltr'>in</span> 
     </span>
    </p>

    <p class='ocr_par' dir='ltr' id='par_1_19' title="bbox 260 1909 1380 1994">
     <span class='ocr_line' id='line_1_19' title="bbox 260 1909 1380 1994; baseline 0 -20"><span class='ocrx_word' id='word_1_150' title='bbox 260 1911 336 1974; x_wconf 68' lang='lat' dir='ltr'>cista</span> <span class='ocrx_word' id='word_1_151' title='bbox 351 1912 570 1994; x_wconf 87' lang='lat' dir='ltr'>compositum,</span> <span class='ocrx_word' id='word_1_152' title='bbox 584 1915 675 1973; x_wconf 84' lang='lat' dir='ltr'>matri</span> <span class='ocrx_word' id='word_1_153' title='bbox 691 1914 744 1973; x_wconf 88' lang='lat' dir='ltr'>die</span> <span class='ocrx_word' id='word_1_154' title='bbox 764 1911 871 1972; x_wconf 86' lang='lat' dir='ltr'>natalis</span> <span class='ocrx_word' id='word_1_155' title='bbox 886 1909 954 1992; x_wconf 82' lang='lat' dir='ltr'>ejus</span> <span class='ocrx_word' id='word_1_156' title='bbox 970 1913 1050 1972; x_wconf 87' lang='lat' dir='ltr'>inter</span> <span class='ocrx_word' id='word_1_157' title='bbox 1064 1911 1170 1994; x_wconf 85' lang='lat' dir='ltr'>epulas</span> <span class='ocrx_word' id='word_1_158' title='bbox 1191 1910 1303 1973; x_wconf 83' lang='lat' dir='ltr'>offerri</span> <span class='ocrx_word' id='word_1_159' title='bbox 1326 1933 1380 1974; x_wconf 91' lang='lat' dir='ltr'>cu·</span> 
     </span>
    </p>

    <p class='ocr_par' dir='ltr' id='par_1_20' title="bbox 260 1994 1381 2078">
     <span class='ocr_line' id='line_1_20' title="bbox 260 1994 1381 2078; baseline 0.004 -20"><span class='ocrx_word' id='word_1_160' title='bbox 260 2013 318 2058; x_wconf 88' lang='lat' dir='ltr'>rat.</span> <span class='ocrx_word' id='word_1_161' title='bbox 343 1998 423 2072; x_wconf 81' lang='lat' dir='ltr'>Quae</span> <span class='ocrx_word' id='word_1_162' title='bbox 435 2019 485 2060; x_wconf 89' lang='lat' dir='ltr'>res</span> <span class='ocrx_word' id='word_1_163' title='bbox 497 2019 558 2058; x_wconf 90' lang='lat' dir='ltr'>non</span> <span class='ocrx_word' id='word_1_164' title='bbox 574 1997 687 2078; x_wconf 77' lang='lat' dir='ltr'>reginae</span> <span class='ocrx_word' id='word_1_165' title='bbox 698 1994 832 2068; x_wconf 74' lang='lat' dir='ltr'>tantiam,</span> <span class='ocrx_word' id='word_1_166' title='bbox 841 1995 952 2058; x_wconf 76' lang='lat' dir='ltr'>verbm</span> <span class='ocrx_word' id='word_1_167' title='bbox 966 1997 1061 2058; x_wconf 86' lang='lat' dir='ltr'>etiam</span> <span class='ocrx_word' id='word_1_168' title='bbox 1074 1996 1225 2058; x_wconf 79' lang='lat' dir='ltr'>universas</span> <span class='ocrx_word' id='word_1_169' title='bbox 1241 1997 1381 2076; x_wconf 84' lang='lat' dir='ltr'>civitati,</span> 
     </span>
    </p>

    <p class='ocr_par' dir='ltr' id='par_1_21' title="bbox 260 2081 1377 2162">
     <span class='ocr_line' id='line_1_21' title="bbox 260 2081 1377 2162; baseline 0.003 -19"><span class='ocrx_word' id='word_1_170' title='bbox 260 2085 370 2145; x_wconf 87' lang='lat' dir='ltr'>acerba</span> <span class='ocrx_word' id='word_1_171' title='bbox 385 2095 417 2144; x_wconf 91' lang='lat' dir='ltr'>et</span> <span class='ocrx_word' id='word_1_172' title='bbox 431 2083 571 2146; x_wconf 86' lang='lat' dir='ltr'>luctuosa</span> <span class='ocrx_word' id='word_1_173' title='bbox 586 2081 664 2146; x_wconf 86' lang='lat' dir='ltr'>fuit:</span> <span class='ocrx_word' id='word_1_174' title='bbox 687 2093 883 2162; x_wconf 86' lang='lat' dir='ltr'>atantumque</span> <span class='ocrx_word' id='word_1_175' title='bbox 898 2101 1060 2144; x_wconf 84' lang='lat' dir='ltr'>moerorom</span> <span class='ocrx_word' id='word_1_176' title='bbox 1077 2081 1284 2148; x_wconf 83' lang='lat' dir='ltr'>festivissimo</span> <span class='ocrx_word' id='word_1_177' title='bbox 1301 2104 1377 2146; x_wconf 91' lang='lat' dir='ltr'>con·</span> 
     </span>
    </p>

    <p class='ocr_par' dir='ltr' id='par_1_22' title="bbox 260 2166 1379 2250">
     <span class='ocr_line' id='line_1_22' title="bbox 260 2166 1379 2250; baseline 0.004 -22"><span class='ocrx_word' id='word_1_178' title='bbox 260 2169 347 2228; x_wconf 89' lang='lat' dir='ltr'>vivio</span> <span class='ocrx_word' id='word_1_179' title='bbox 358 2168 472 2240; x_wconf 87' lang='lat' dir='ltr'>intulit,</span> <span class='ocrx_word' id='word_1_180' title='bbox 484 2183 518 2228; x_wconf 87' lang='lat' dir='ltr'>ut</span> <span class='ocrx_word' id='word_1_181' title='bbox 528 2166 615 2250; x_wconf 80' lang='lat' dir='ltr'>regia</span> <span class='ocrx_word' id='word_1_182' title='bbox 629 2169 731 2230; x_wconf 89' lang='lat' dir='ltr'>omnis</span> <span class='ocrx_word' id='word_1_183' title='bbox 745 2167 905 2248; x_wconf 84' lang='lat' dir='ltr'>repentino</span> <span class='ocrx_word' id='word_1_184' title='bbox 922 2167 1008 2230; x_wconf 91' lang='lat' dir='ltr'>luctu</span> <span class='ocrx_word' id='word_1_185' title='bbox 1024 2167 1252 2240; x_wconf 83' lang='lat' dir='ltr'>incenderetur.</span> <span class='ocrx_word' id='word_1_186' title='bbox 1275 2167 1379 2232; x_wconf 67' lang='lat' dir='ltr'>k’Ver-</span> 
     </span>
    </p>

    <p class='ocr_par' dir='ltr' id='par_1_23' title="bbox 261 2253 1376 2336">
     <span class='ocr_line' id='line_1_23' title="bbox 261 2253 1376 2336; baseline 0.004 -22"><span class='ocrx_word' id='word_1_187' title='bbox 261 2253 407 2336; x_wconf 81' lang='lat' dir='ltr'>anigitur</span> <span class='ocrx_word' id='word_1_188' title='bbox 422 2253 528 2330; x_wconf 79' lang='lat' dir='ltr'>studio</span> <span class='ocrx_word' id='word_1_189' title='bbox 543 2253 718 2336; x_wconf 89' lang='lat' dir='ltr'>principum</span> <span class='ocrx_word' id='word_1_190' title='bbox 730 2254 768 2316; x_wconf 90' lang='lat' dir='ltr'>ab</span> <span class='ocrx_word' id='word_1_191' title='bbox 784 2253 883 2335; x_wconf 87' lang='lat' dir='ltr'>epulis</span> <span class='ocrx_word' id='word_1_192' title='bbox 897 2254 931 2329; x_wconf 83' lang='lat' dir='ltr'>in</span> <span class='ocrx_word' id='word_1_193' title='bbox 946 2253 1122 2334; x_wconf 83' lang='lat' dir='ltr'>exsequias,</span> <span class='ocrx_word' id='word_1_194' title='bbox 1134 2257 1277 2319; x_wconf 86' lang='lat' dir='ltr'>membra</span> <span class='ocrx_word' id='word_1_195' title='bbox 1288 2256 1376 2318; x_wconf 83' lang='lat' dir='ltr'>lace-</span> 
     </span>
    </p>

    <p class='ocr_par' dir='ltr' id='par_1_24' title="bbox 165 2340 1376 2424">
     <span class='ocr_line' id='line_1_24' title="bbox 165 2340 1376 2424; baseline 0.005 -24"><span class='ocrx_word' id='word_1_196' title='bbox 165 2407 170 2416; x_wconf 46' lang='lat'>,</span> <span class='ocrx_word' id='word_1_197' title='bbox 228 2376 230 2388; x_wconf 56' lang='grc' dir='ltr'>ι</span> <span class='ocrx_word' id='word_1_198' title='bbox 260 2359 295 2400; x_wconf 93' lang='lat' dir='ltr'>ra</span> <span class='ocrx_word' id='word_1_199' title='bbox 313 2341 429 2422; x_wconf 91' lang='lat' dir='ltr'>populo</span> <span class='ocrx_word' id='word_1_200' title='bbox 444 2343 633 2414; x_wconf 84' lang='lat' dir='ltr'>ostendunt;</span> <span class='ocrx_word' id='word_1_201' title='bbox 656 2356 687 2402; x_wconf 89' lang='lat' dir='ltr'>et</span> <span class='ocrx_word' id='word_1_202' title='bbox 702 2340 780 2422; x_wconf 90' lang='lat' dir='ltr'>quid</span> <span class='ocrx_word' id='word_1_203' title='bbox 795 2359 919 2424; x_wconf 83' lang='lat' dir='ltr'>sperare</span> <span class='ocrx_word' id='word_1_204' title='bbox 935 2340 974 2402; x_wconf 89' lang='lat' dir='ltr'>de</span> <span class='ocrx_word' id='word_1_205' title='bbox 990 2343 1139 2423; x_wconf 71' lang='lat' dir='ltr'>rege&#39;suo</span> <span class='ocrx_word' id='word_1_206' title='bbox 1153 2341 1298 2419; x_wconf 87' lang='lat' dir='ltr'>debeant,</span> <span class='ocrx_word' id='word_1_207' title='bbox 1314 2341 1376 2406; x_wconf 84' lang='lat' dir='ltr'>filii</span> 
     </span>
    </p>

    <p class='ocr_par' dir='ltr' id='par_1_25' title="bbox 259 2427 1096 2497">
     <span class='ocr_line' id='line_1_25' title="bbox 259 2427 1096 2497; baseline 0.002 -9"><span class='ocrx_word' id='word_1_208' title='bbox 259 2427 344 2494; x_wconf 78' lang='lat' dir='ltr'>caede</span> <span class='ocrx_word' id='word_1_209' title='bbox 360 2427 582 2497; x_wconf 84' lang='lat' dir='ltr'>demonstrant.</span> <span class='ocrx_word' id='word_1_210' title='bbox 940 2459 943 2464; x_wconf 54' lang='lat'>2</span> <span class='ocrx_word' id='word_1_211' title='bbox 1094 2461 1096 2466; x_wconf 38' lang='lat' dir='ltr'>s</span> 
     </span>
    </p>

    <p class='ocr_par' dir='ltr' id='par_1_26' title="bbox 102 2511 1379 2696">
     <span class='ocr_line' id='line_1_26' title="bbox 102 2511 1375 2598; baseline 0.002 -22"><span class='ocrx_word' id='word_1_212' title='bbox 102 2511 277 2590; x_wconf 60' lang='lat' dir='ltr'>Mlffl&#39;„8</span> <span class='ocrx_word' id='word_1_213' title='bbox 305 2511 408 2576; x_wconf 86' lang='lat' dir='ltr'>CAP.</span> <span class='ocrx_word' id='word_1_214' title='bbox 431 2513 490 2583; x_wconf 78' lang='lat' dir='ltr'>lx.</span> <span class='ocrx_word' id='word_1_215' title='bbox 515 2511 620 2575; x_wconf 89' lang='lat' dir='ltr'>Finito</span> <span class='ocrx_word' id='word_1_216' title='bbox 642 2511 727 2576; x_wconf 86' lang='lat' dir='ltr'>luctu</span> <span class='ocrx_word' id='word_1_217' title='bbox 748 2513 900 2590; x_wconf 84' lang='lat' dir='ltr'>orbitatis,</span> <span class='ocrx_word' id='word_1_218' title='bbox 923 2511 1088 2596; x_wconf 76' lang='lat' dir='ltr'>Cleopatra</span> <span class='ocrx_word' id='word_1_219' title='bbox 1109 2512 1184 2580; x_wconf 75' lang='lat' dir='ltr'>edm</span> <span class='ocrx_word' id='word_1_220' title='bbox 1208 2513 1315 2598; x_wconf 77' lang='lat' dir='ltr'>urgeri</span> <span class='ocrx_word' id='word_1_221' title='bbox 1337 2535 1375 2578; x_wconf 86' lang='lat' dir='ltr'>sc</span> 
     </span>
     <span class='ocr_line' id='line_1_27' title="bbox 104 2591 1379 2696; baseline 0.004 -37"><span class='ocrx_word' id='word_1_222' title='bbox 104 2591 251 2696; x_wconf 51' lang='lat' dir='ltr'>ffiffffl</span> <span class='ocrx_word' id='word_1_223' title='bbox 260 2596 397 2662; x_wconf 85' lang='lat' dir='ltr'>fraterno</span> <span class='ocrx_word' id='word_1_224' title='bbox 419 2591 502 2660; x_wconf 84' lang='lat' dir='ltr'>bello&#39;</span> <span class='ocrx_word' id='word_1_225' title='bbox 521 2599 653 2674; x_wconf 84' lang='lat' dir='ltr'>videret,</span> <span class='ocrx_word' id='word_1_226' title='bbox 668 2600 820 2664; x_wconf 85' lang='lat' dir='ltr'>auxilium</span> <span class='ocrx_word' id='word_1_227' title='bbox 842 2597 874 2660; x_wconf 49' lang='grc' dir='ltr'>δὲ</span> <span class='ocrx_word' id='word_1_228' title='bbox 897 2599 1073 2676; x_wconf 89' lang='lat' dir='ltr'>Demetrio,</span> <span class='ocrx_word' id='word_1_229' title='bbox 1093 2621 1167 2684; x_wconf 80' lang='lat' dir='ltr'>rege</span> <span class='ocrx_word' id='word_1_230' title='bbox 1189 2598 1297 2683; x_wconf 81' lang='lat' dir='ltr'>Syriae,</span> <span class='ocrx_word' id='word_1_231' title='bbox 1317 2621 1379 2684; x_wconf 85' lang='lat' dir='ltr'>per</span> 
     </span>
    </p>

    <p class='ocr_par' dir='ltr' id='par_1_27' title="bbox 3 2681 1375 3114">
     <span class='ocr_line' id='line_1_28' title="bbox 14 2681 1374 2768; baseline 0.001 -22"><span class='ocrx_word' id='word_1_232' title='bbox 14 2752 17 2758; x_wconf 60' lang='grc'><em>,</em></span> <span class='ocrx_word' id='word_1_233' title='bbox 103 2681 144 2764; x_wconf 65' lang='grc' dir='ltr'>(η’,</span> <span class='ocrx_word' id='word_1_234' title='bbox 158 2681 214 2761; x_wconf 53' lang='lat'>1&#39;60.</span> <span class='ocrx_word' id='word_1_235' title='bbox 227 2713 249 2760; x_wconf 93' lang='lat'>1.</span> <span class='ocrx_word' id='word_1_236' title='bbox 260 2685 378 2766; x_wconf 82' lang='lat' dir='ltr'>legatos</span> <span class='ocrx_word' id='word_1_237' title='bbox 400 2684 495 2766; x_wconf 84' lang='lat' dir='ltr'>petit:</span> <span class='ocrx_word' id='word_1_238' title='bbox 519 2685 728 2768; x_wconf 87' lang='lat' dir='ltr'>cujus&#39;ipsius</span> <span class='ocrx_word' id='word_1_239' title='bbox 751 2685 829 2746; x_wconf 87' lang='lat' dir='ltr'>varii</span> <span class='ocrx_word' id='word_1_240' title='bbox 853 2700 884 2748; x_wconf 90' lang='lat' dir='ltr'>et</span> <span class='ocrx_word' id='word_1_241' title='bbox 907 2687 1124 2748; x_wconf 85' lang='lat' dir='ltr'>memorabiles</span> <span class='ocrx_word' id='word_1_242' title='bbox 1149 2705 1239 2748; x_wconf 89' lang='lat' dir='ltr'>casus</span> <span class='ocrx_word' id='word_1_243' title='bbox 1264 2685 1374 2748; x_wconf 67' lang='lat' dir='ltr'>fuere.</span> 
     </span>
     <span class='ocr_line' id='line_1_29' title="bbox 3 2765 1375 2854; baseline 0.003 -25"><span class='ocrx_word' id='word_1_244' title='bbox 3 2833 4 2840; x_wconf 47' lang='lat'>,</span> <span class='ocrx_word' id='word_1_245' title='bbox 103 2775 248 2830; x_wconf 68' lang='lat' dir='ltr'>venusta</span> <span class='ocrx_word' id='word_1_246' title='bbox 262 2769 412 2852; x_wconf 87' lang='lat' dir='ltr'>Namque</span> <span class='ocrx_word' id='word_1_247' title='bbox 435 2770 628 2846; x_wconf 88' lang='lat' dir='ltr'>Demetrius,</span> <span class='ocrx_word' id='word_1_248' title='bbox 643 2787 678 2832; x_wconf 92' lang='lat' dir='ltr'>ut</span> <span class='ocrx_word' id='word_1_249' title='bbox 697 2765 923 2854; x_wconf 71' lang='lat' dir='ltr'>supradictum</span> <span class='ocrx_word' id='word_1_250' title='bbox 940 2770 1088 2846; x_wconf 57' lang='lat' dir='ltr'>esnedm</span> <span class='ocrx_word' id='word_1_251' title='bbox 1106 2773 1223 2835; x_wconf 88' lang='lat' dir='ltr'>bellum</span> <span class='ocrx_word' id='word_1_252' title='bbox 1245 2771 1375 2834; x_wconf 82' lang='lat' dir='ltr'>Parthis</span> 
     </span>
     <span class='ocr_line' id='line_1_30' title="bbox 103 2847 1372 2941; baseline -0.002 -21.219"><span class='ocrx_word' id='word_1_253' title='bbox 103 2847 252 2898; x_wconf 54' lang='lat' dir='ltr'>&#39;mmm</span> <span class='ocrx_word' id='word_1_254' title='bbox 260 2857 424 2929; x_wconf 87' lang='lat' dir='ltr'>intulisset,</span> <span class='ocrx_word' id='word_1_255' title='bbox 439 2870 472 2916; x_wconf 88' lang='lat' dir='ltr'>et</span> <span class='ocrx_word' id='word_1_256' title='bbox 486 2855 591 2917; x_wconf 86' lang='lat' dir='ltr'>multis</span> <span class='ocrx_word' id='word_1_257' title='bbox 614 2857 882 2938; x_wconf 79' lang='lat' dir='ltr'>congressionibus</span> <span class='ocrx_word' id='word_1_258' title='bbox 898 2858 998 2920; x_wconf 90' lang='lat' dir='ltr'>victor</span> <span class='ocrx_word' id='word_1_259' title='bbox 1012 2855 1133 2933; x_wconf 87' lang='lat' dir='ltr'>fuisset,</span> <span class='ocrx_word' id='word_1_260' title='bbox 1145 2850 1272 2941; x_wconf 62' lang='lat' dir='ltr'>repent&amp;</span> <span class='ocrx_word' id='word_1_261' title='bbox 1288 2855 1372 2918; x_wconf 88' lang='lat' dir='ltr'>insi-</span> 
     </span>
     <span class='ocr_line' id='line_1_31' title="bbox 3 2935 1374 3024; baseline 0 -20"><span class='ocrx_word' id='word_1_262' title='bbox 3 2935 4 2942; x_wconf 54' lang='lat'><em>&#39;</em></span> <span class='ocrx_word' id='word_1_263' title='bbox 259 2942 321 3004; x_wconf 90' lang='lat' dir='ltr'>diis</span> <span class='ocrx_word' id='word_1_264' title='bbox 336 2941 577 3013; x_wconf 85' lang='lat' dir='ltr'>circumventus,</span> <span class='ocrx_word' id='word_1_265' title='bbox 593 2941 708 3002; x_wconf 87' lang='lat' dir='ltr'>amisso</span> <span class='ocrx_word' id='word_1_266' title='bbox 728 2941 869 3006; x_wconf 80' lang='lat' dir='ltr'>exercitu</span> <span class='ocrx_word' id='word_1_267' title='bbox 884 2941 1012 3024; x_wconf 85' lang='lat' dir='ltr'>capitur.</span> <span class='ocrx_word' id='word_1_268' title='bbox 1041 2938 1130 3005; x_wconf 63' lang='grc' dir='ltr'>ΗΟἱιῖ</span> <span class='ocrx_word' id='word_1_269' title='bbox 1138 2943 1271 3023; x_wconf 79' lang='lat' dir='ltr'>Arsaces</span> <span class='ocrx_word' id='word_1_270' title='bbox 1289 2939 1374 3004; x_wconf 85' lang='lat' dir='ltr'>Par-</span> 
     </span>
     <span class='ocr_line' id='line_1_32' title="bbox 258 3023 1372 3114; baseline 0 -24"><span class='ocrx_word' id='word_1_271' title='bbox 258 3023 384 3090; x_wconf 79' lang='lat' dir='ltr'>thorum</span> <span class='ocrx_word' id='word_1_272' title='bbox 399 3045 455 3089; x_wconf 81' lang='lat' dir='ltr'>rex</span> <span class='ocrx_word' id='word_1_273' title='bbox 466 3045 579 3107; x_wconf 79' lang='lat' dir='ltr'>magno</span> <span class='ocrx_word' id='word_1_274' title='bbox 591 3041 621 3088; x_wconf 88' lang='lat' dir='ltr'>et</span> <span class='ocrx_word' id='word_1_275' title='bbox 632 3025 720 3108; x_wconf 84' lang='lat' dir='ltr'>regio</span> <span class='ocrx_word' id='word_1_276' title='bbox 732 3028 847 3104; x_wconf 89' lang='lat' dir='ltr'>auimo,</span> <span class='ocrx_word' id='word_1_277' title='bbox 859 3028 954 3090; x_wconf 87' lang='lat' dir='ltr'>misso</span> <span class='ocrx_word' id='word_1_278' title='bbox 965 3029 998 3090; x_wconf 83' lang='lat' dir='ltr'>ib</span> <span class='ocrx_word' id='word_1_279' title='bbox 1011 3029 1216 3114; x_wconf 73' lang='lat' dir='ltr'>Hyrcaniam,</span> <span class='ocrx_word' id='word_1_280' title='bbox 1227 3048 1286 3092; x_wconf 89' lang='lat' dir='ltr'>non</span> <span class='ocrx_word' id='word_1_281' title='bbox 1302 3029 1372 3092; x_wconf 88' lang='lat' dir='ltr'>cul·</span> 
     </span>
    </p>

    <p class='ocr_par' dir='ltr' id='par_1_28' title="bbox 258 3111 1369 3194">
     <span class='ocr_line' id='line_1_33' title="bbox 258 3111 1369 3194; baseline 0.002 -18"><span class='ocrx_word' id='word_1_282' title='bbox 258 3129 325 3178; x_wconf 89' lang='lat' dir='ltr'>tum</span> <span class='ocrx_word' id='word_1_283' title='bbox 341 3111 461 3176; x_wconf 77' lang='lat' dir='ltr'>tannim</span> <span class='ocrx_word' id='word_1_284' title='bbox 478 3113 602 3192; x_wconf 80' lang='lat' dir='ltr'>teg‘um</span> <span class='ocrx_word' id='word_1_285' title='bbox 618 3113 778 3194; x_wconf 85' lang='lat' dir='ltr'>praestitit;</span> <span class='ocrx_word' id='word_1_286' title='bbox 795 3115 851 3176; x_wconf 90' lang='lat' dir='ltr'>sed</span> <span class='ocrx_word' id='word_1_287' title='bbox 863 3129 895 3182; x_wconf 87' lang='lat' dir='ltr'>et</span> <span class='ocrx_word' id='word_1_288' title='bbox 910 3111 1005 3176; x_wconf 88' lang='lat' dir='ltr'>filiam</span> <span class='ocrx_word' id='word_1_289' title='bbox 1022 3115 1054 3176; x_wconf 89' lang='lat' dir='ltr'>in</span> <span class='ocrx_word' id='word_1_290' title='bbox 1066 3113 1305 3178; x_wconf 87' lang='lat' dir='ltr'>matrimonium</span> <span class='ocrx_word' id='word_1_291' title='bbox 1316 3117 1369 3178; x_wconf 90' lang='lat' dir='ltr'>de·</span> 
     </span>
    </p>

    <p class='ocr_par' dir='ltr' id='par_1_29' title="bbox 259 3135 1367 3288">
     <span class='ocr_line' id='line_1_34' title="bbox 259 3135 1367 3288; baseline -0.002 -24"><span class='ocrx_word' id='word_1_292' title='bbox 259 3201 307 3264; x_wconf 92' lang='lat' dir='ltr'>dit</span> <span class='ocrx_word' id='word_1_293' title='bbox 317 3135 638 3281; x_wconf 50' lang='lat' dir='ltr'>regnumqucgyriae,</span> <span class='ocrx_word' id='word_1_294' title='bbox 653 3201 738 3280; x_wconf 89' lang='lat' dir='ltr'>quod</span> <span class='ocrx_word' id='word_1_295' title='bbox 755 3219 810 3282; x_wconf 87' lang='lat' dir='ltr'>per</span> <span class='ocrx_word' id='word_1_296' title='bbox 825 3199 995 3264; x_wconf 84' lang='lat' dir='ltr'>absentiam</span> <span class='ocrx_word' id='word_1_297' title='bbox 1007 3203 1076 3285; x_wconf 88' lang='lat' dir='ltr'>ejus</span> <span class='ocrx_word' id='word_1_298' title='bbox 1091 3199 1223 3288; x_wconf 84' lang='lat' dir='ltr'>Trypho</span> <span class='ocrx_word' id='word_1_299' title='bbox 1238 3219 1367 3284; x_wconf 82' lang='lat' dir='ltr'>occupa·</span> 
     </span>
    </p>

    <p class='ocr_par' dir='ltr' id='par_1_30' title="bbox 170 3283 1372 3370">
     <span class='ocr_line' id='line_1_35' title="bbox 170 3283 1372 3370; baseline 0.003 -24"><span class='ocrx_word' id='word_1_300' title='bbox 170 3333 175 3339; x_wconf 81' lang='lat'><em>.</em></span> <span class='ocrx_word' id='word_1_301' title='bbox 260 3301 356 3363; x_wconf 87' lang='lat' dir='ltr'>verat,</span> <span class='ocrx_word' id='word_1_302' title='bbox 368 3285 581 3346; x_wconf 84' lang='lat' dir='ltr'>restituturum</span> <span class='ocrx_word' id='word_1_303' title='bbox 594 3283 766 3364; x_wconf 31' lang='lat' dir='ltr'>promittit,</span> <span class='ocrx_word' id='word_1_304' title='bbox 795 3283 870 3347; x_wconf 86' lang='lat' dir='ltr'>Post</span> <span class='ocrx_word' id='word_1_305' title='bbox 882 3285 975 3370; x_wconf 87' lang='lat' dir='ltr'>hujus</span> <span class='ocrx_word' id='word_1_306' title='bbox 992 3302 1124 3352; x_wconf 82' lang='lat' dir='ltr'>mortem</span> <span class='ocrx_word' id='word_1_307' title='bbox 1141 3287 1308 3370; x_wconf 82' lang='lat' dir='ltr'>desperato</span> <span class='ocrx_word' id='word_1_308' title='bbox 1322 3308 1372 3350; x_wconf 90' lang='lat' dir='ltr'>re-</span> 
     </span>
    </p>

    <p class='ocr_par' dir='ltr' id='par_1_31' title="bbox 197 3369 1378 3542">
     <span class='ocr_line' id='line_1_36' title="bbox 197 3369 1364 3457; baseline 0.003 -25"><span class='ocrx_word' id='word_1_309' title='bbox 197 3403 198 3406; x_wconf 36' lang='lat'>¹</span> <span class='ocrx_word' id='word_1_310' title='bbox 257 3371 338 3447; x_wconf 88' lang='lat' dir='ltr'>ditu,</span> <span class='ocrx_word' id='word_1_311' title='bbox 349 3391 410 3431; x_wconf 91' lang='lat' dir='ltr'>non</span> <span class='ocrx_word' id='word_1_312' title='bbox 424 3369 525 3438; x_wconf 78' lang='lat' dir='ltr'>ferens</span> <span class='ocrx_word' id='word_1_313' title='bbox 540 3369 750 3450; x_wconf 84' lang='lat' dir='ltr'>captivitatem</span> <span class='ocrx_word' id='word_1_314' title='bbox 768 3371 963 3446; x_wconf 86' lang='lat' dir='ltr'>Demetrius,</span> <span class='ocrx_word' id='word_1_315' title='bbox 977 3372 1142 3454; x_wconf 83' lang='lat' dir='ltr'>privatam,</span> <span class='ocrx_word' id='word_1_316' title='bbox 1157 3375 1216 3450; x_wconf 77' lang='lat' dir='ltr'>etsi</span> <span class='ocrx_word' id='word_1_317' title='bbox 1239 3373 1364 3457; x_wconf 76' lang='lat' dir='ltr'>opalen-</span> 
     </span>
     <span class='ocr_line' id='line_1_37' title="bbox 258 3457 1378 3542; baseline 0.004 -24"><span class='ocrx_word' id='word_1_318' title='bbox 258 3473 332 3535; x_wconf 87' lang='lat' dir='ltr'>tam,</span> <span class='ocrx_word' id='word_1_319' title='bbox 343 3457 439 3518; x_wconf 88' lang='lat' dir='ltr'>vitam</span> <span class='ocrx_word' id='word_1_320' title='bbox 455 3465 612 3536; x_wconf 79' lang='lat' dir='ltr'>pertaesus,</span> <span class='ocrx_word' id='word_1_321' title='bbox 627 3457 738 3522; x_wconf 85' lang='lat' dir='ltr'>tacitus</span> <span class='ocrx_word' id='word_1_322' title='bbox 750 3459 783 3518; x_wconf 85' lang='lat' dir='ltr'>in</span> <span class='ocrx_word' id='word_1_323' title='bbox 799 3478 930 3542; x_wconf 79' lang='lat' dir='ltr'>regnum</span> <span class='ocrx_word' id='word_1_324' title='bbox 947 3457 1054 3540; x_wconf 80' lang='lat' dir='ltr'>lugam</span> <span class='ocrx_word' id='word_1_325' title='bbox 1071 3460 1251 3522; x_wconf 86' lang='lat' dir='ltr'>meditatur.</span> <span class='ocrx_word' id='word_1_326' title='bbox 1288 3460 1378 3521; x_wconf 75' lang='lat' dir='ltr'>Hor·-</span> 
     </span>
    </p>
   </div>
   <div class='ocr_carea' id='block_1_3' title="bbox 517 3608 1086 3718">
    <p class='ocr_par' dir='ltr' id='par_1_32' title="bbox 517 3608 1086 3718">
     <span class='ocr_line' id='line_1_38' title="bbox 517 3608 1086 3718; baseline 0.007 -25"><span class='ocrx_word' id='word_1_327' title='bbox 517 3712 520 3718; x_wconf 88' lang='lat'>.</span> <span class='ocrx_word' id='word_1_328' title='bbox 615 3623 989 3704; x_wconf 51' lang='lat' dir='ltr'>emmerammo(</span> <span class='ocrx_word' id='word_1_329' title='bbox 1083 3608 1086 3621; x_wconf 27' lang='grc' dir='ltr'>ἰ</span> 
     </span>
    </p>
   </div>
   <div class='ocr_carea' id='block_1_4' title="bbox 194 3797 1371 4005">
    <p class='ocr_par' dir='ltr' id='par_1_33' title="bbox 194 3797 1371 4005">
     <span class='ocr_line' id='line_1_39' title="bbox 289 3797 1371 3864; baseline 0.007 -20"><span class='ocrx_word' id='word_1_330' title='bbox 289 3797 554 3848; x_wconf 61' lang='lat' dir='ltr'>ammoneantur</span> <span class='ocrx_word' id='word_1_331' title='bbox 569 3799 672 3847; x_wconf 80' lang='lat' dir='ltr'>dolorem</span> <span class='ocrx_word' id='word_1_332' title='bbox 687 3801 801 3860; x_wconf 78' lang='lat' dir='ltr'>ornnibna,</span> <span class='ocrx_word' id='word_1_333' title='bbox 858 3799 875 3851; x_wconf 87' lang='lat' dir='ltr'>b</span> <span class='ocrx_word' id='word_1_334' title='bbox 904 3803 987 3860; x_wconf 82' lang='lat' dir='ltr'>Quare</span> <span class='ocrx_word' id='word_1_335' title='bbox 1015 3807 1093 3851; x_wconf 73' lang='lat' dir='ltr'>omnes</span> <span class='ocrx_word' id='word_1_336' title='bbox 1114 3801 1257 3864; x_wconf 68' lang='lat' dir='ltr'>Principes,</span> <span class='ocrx_word' id='word_1_337' title='bbox 1281 3805 1371 3852; x_wconf 67' lang='lat' dir='ltr'>mlieris</span> 
     </span>
     <span class='ocr_line' id='line_1_40' title="bbox 194 3865 1346 3934; baseline 0.009 -23"><span class='ocrx_word' id='word_1_338' title='bbox 194 3923 195 3930; x_wconf 10' lang='grc' dir='ltr'>ἵ</span> <span class='ocrx_word' id='word_1_339' title='bbox 256 3867 447 3926; x_wconf 64' lang='lat' dir='ltr'>pantomimum</span> <span class='ocrx_word' id='word_1_340' title='bbox 460 3865 580 3928; x_wconf 74' lang='lat' dir='ltr'>sectivum</span> <span class='ocrx_word' id='word_1_341' title='bbox 599 3869 762 3927; x_wconf 77' lang='lat' dir='ltr'>celebrabunt,</span> <span class='ocrx_word' id='word_1_342' title='bbox 775 3880 802 3916; x_wconf 80' lang='lat' dir='ltr'>nt</span> <span class='ocrx_word' id='word_1_343' title='bbox 826 3873 910 3934; x_wconf 73' lang='lat' dir='ltr'>eptclls,</span> <span class='ocrx_word' id='word_1_344' title='bbox 920 3872 1153 3934; x_wconf 72' lang='lat' dir='ltr'>parontcaeaeqnioa</span> <span class='ocrx_word' id='word_1_345' title='bbox 1163 3865 1346 3932; x_wconf 76' lang='lat' dir='ltr'>pueriocdsl.</span> 
     </span>
     <span class='ocr_line' id='line_1_41' title="bbox 255 3933 865 4005; baseline 0.01 -26"><span class='ocrx_word' id='word_1_346' title='bbox 255 3934 328 3996; x_wconf 68' lang='lat' dir='ltr'>negiu</span> <span class='ocrx_word' id='word_1_347' title='bbox 338 3933 412 3981; x_wconf 79' lang='lat' dir='ltr'>martis</span> <span class='ocrx_word' id='word_1_348' title='bbox 423 3937 549 3980; x_wconf 68' lang='lat' dir='ltr'>resonaret</span> <span class='ocrx_word' id='word_1_349' title='bbox 558 3935 627 4005; x_wconf 74' lang='lat' dir='ltr'>luctu</span> <span class='ocrx_word' id='word_1_350' title='bbox 638 3939 769 3999; x_wconf 56' lang='lat' dir='ltr'>repentino,</span> <span class='ocrx_word' id='word_1_351' title='bbox 862 3973 865 3980; x_wconf 39' lang='lat'><strong>⁴</strong></span> 
     </span>
    </p>
   </div>
   <div class='ocr_carea' id='block_1_5' title="bbox 749 4057 896 4138">
    <p class='ocr_par' dir='ltr' id='par_1_34' title="bbox 749 4057 896 4138">
     <span class='ocr_line' id='line_1_42' title="bbox 749 4057 896 4138; baseline -0.007 -3"><span class='ocrx_word' id='word_1_352' title='bbox 749 4057 896 4138; x_wconf 52' lang='lat' dir='ltr'>norm}</span> 
     </span>
    </p>
   </div>
   <div class='ocr_carea' id='block_1_6' title="bbox 251 4237 1370 4520">
    <p class='ocr_par' dir='ltr' id='par_1_35' title="bbox 251 4237 1093 4306">
     <span class='ocr_line' id='line_1_43' title="bbox 251 4237 1093 4306; baseline 0.005 -20"><span class='ocrx_word' id='word_1_353' title='bbox 251 4294 253 4302; x_wconf 23' lang='lat' dir='ltr'><strong><em>s</em></strong></span> <span class='ocrx_word' id='word_1_354' title='bbox 289 4239 302 4286; x_wconf 93' lang='lat' dir='ltr'>l</span> <span class='ocrx_word' id='word_1_355' title='bbox 318 4242 420 4296; x_wconf 73' lang='lat' dir='ltr'>Tacitus</span> <span class='ocrx_word' id='word_1_356' title='bbox 431 4243 457 4288; x_wconf 79' lang='lat' dir='ltr'>in</span> <span class='ocrx_word' id='word_1_357' title='bbox 468 4237 588 4300; x_wconf 76' lang='lat' dir='ltr'>exilium]</span> <span class='ocrx_word' id='word_1_358' title='bbox 607 4237 684 4288; x_wconf 87' lang='lat' dir='ltr'>Illius</span> <span class='ocrx_word' id='word_1_359' title='bbox 696 4239 770 4306; x_wconf 86' lang='lat' dir='ltr'>regia</span> <span class='ocrx_word' id='word_1_360' title='bbox 783 4237 799 4289; x_wconf 76' lang='grc' dir='ltr'>ὲ</span> <span class='ocrx_word' id='word_1_361' title='bbox 824 4239 947 4293; x_wconf 79' lang='lat' dir='ltr'>dedicare</span> <span class='ocrx_word' id='word_1_362' title='bbox 954 4239 1093 4292; x_wconf 67' lang='lat' dir='ltr'>solebant·</span> 
     </span>
    </p>

    <p class='ocr_par' dir='ltr' id='par_1_36' title="bbox 253 4306 1370 4444">
     <span class='ocr_line' id='line_1_44' title="bbox 253 4306 1370 4370; baseline 0.008 -16"><span class='ocrx_word' id='word_1_363' title='bbox 253 4306 350 4370; x_wconf 86' lang='lat' dir='ltr'>pupulo</span> <span class='ocrx_word' id='word_1_364' title='bbox 363 4309 467 4356; x_wconf 81' lang='lat' dir='ltr'>incensa</span> <span class='ocrx_word' id='word_1_365' title='bbox 479 4306 585 4355; x_wconf 67' lang='lat' dir='ltr'>fuerat</span> <span class='ocrx_word' id='word_1_366' title='bbox 646 4347 648 4352; x_wconf 96' lang='lat'><em>.</em></span> <span class='ocrx_word' id='word_1_367' title='bbox 856 4311 872 4360; x_wconf 83' lang='lat'>3</span> <span class='ocrx_word' id='word_1_368' title='bbox 884 4313 908 4359; x_wconf 68' lang='lat' dir='ltr'><em>A</em></span> <span class='ocrx_word' id='word_1_369' title='bbox 918 4307 1061 4370; x_wconf 74' lang='lat' dir='ltr'>Demetrio]</span> <span class='ocrx_word' id='word_1_370' title='bbox 1072 4307 1125 4366; x_wconf 81' lang='lat' dir='ltr'>Qui</span> <span class='ocrx_word' id='word_1_371' title='bbox 1136 4307 1221 4360; x_wconf 79' lang='lat' dir='ltr'>redux</span> <span class='ocrx_word' id='word_1_372' title='bbox 1232 4307 1252 4366; x_wconf 76' lang='grc' dir='ltr'>ἑ,</span> <span class='ocrx_word' id='word_1_373' title='bbox 1264 4311 1370 4366; x_wconf 57' lang='lat' dir='ltr'>Parthis</span> 
     </span>
     <span class='ocr_line' id='line_1_45' title="bbox 286 4365 1246 4444; baseline 0.014 -27"><span class='ocrx_word' id='word_1_374' title='bbox 286 4369 459 4434; x_wconf 64' lang='lat' dir='ltr'>Ulca-altit]</span> <span class='ocrx_word' id='word_1_375' title='bbox 482 4377 539 4423; x_wconf 80' lang='lat' dir='ltr'>Hoc</span> <span class='ocrx_word' id='word_1_376' title='bbox 554 4378 604 4428; x_wconf 85' lang='lat' dir='ltr'>est,</span> <span class='ocrx_word' id='word_1_377' title='bbox 616 4365 631 4432; x_wconf 72' lang='grc' dir='ltr'>,ὲ</span> <span class='ocrx_word' id='word_1_378' title='bbox 652 4370 710 4422; x_wconf 89' lang='lat' dir='ltr'>loeo</span> <span class='ocrx_word' id='word_1_379' title='bbox 724 4387 799 4437; x_wconf 87' lang='lat' dir='ltr'>supe·</span> <span class='ocrx_word' id='word_1_380' title='bbox 823 4390 932 4443; x_wconf 73' lang='lat' dir='ltr'>regnum</span> <span class='ocrx_word' id='word_1_381' title='bbox 945 4377 1025 4441; x_wconf 78' lang='lat' dir='ltr'>Syriae</span> <span class='ocrx_word' id='word_1_382' title='bbox 1036 4385 1246 4444; x_wconf 62' lang='lat' dir='ltr'>recuperaverat.</span> 
     </span>
    </p>

    <p class='ocr_par' dir='ltr' id='par_1_37' title="bbox 252 4435 988 4520">
     <span class='ocr_line' id='line_1_46' title="bbox 252 4435 988 4520; baseline 0.012 -34"><span class='ocrx_word' id='word_1_383' title='bbox 252 4435 321 4494; x_wconf 80' lang='lat' dir='ltr'>riute</span> <span class='ocrx_word' id='word_1_384' title='bbox 332 4437 662 4506; x_wconf 74' lang='lat' dir='ltr'>dejecittsublimescnim</span> <span class='ocrx_word' id='word_1_385' title='bbox 671 4439 798 4520; x_wconf 68' lang='lat' dir='ltr'>imagines</span> <span class='ocrx_word' id='word_1_386' title='bbox 886 4503 888 4508; x_wconf 28' lang='grc' dir='ltr'>Ι</span> <span class='ocrx_word' id='word_1_387' title='bbox 985 4485 988 4495; x_wconf 76' lang='grc'>,</span> 
     </span>
    </p>
   </div>
   <div class='ocr_carea' id='block_1_7' title="bbox 0 0 1458 4902">
    <p class='ocr_par' dir='ltr' id='par_1_38' title="bbox 0 0 1458 4902">
     <span class='ocr_line' id='line_1_47' title="bbox 0 0 1458 4902; baseline 0 2"><span class='ocrx_word' id='word_1_388' title='bbox 0 0 1458 4902; x_wconf 95' lang='lat' dir='ltr'> </span> 
     </span>
    </p>
   </div>
  </div>
 </body>
</html>
