2906 4902
754 289 941 376 Jusrmr
1017 249 1034 326 f

301 469 415 536 Achai
429 472 567 553 ²propter
585 477 729 530 mutuum
748 463 858 528 odium
872 461 1108 546 populabantur.
1151 457 1318 544 Spartanis
1333 457 1358 522 ὲ
1374 483 1425 526 se·

258 567 259 572 ’
299 575 374 628 natu
389 573 572 645 responsum
587 568 645 626 est,
653 547 782 636 uegetos
792 571 825 612 se
833 549 878 612 od
885 548 1091 634 inspiciendas
1103 569 1151 610 res
1160 547 1329 622 sociorum,
1341 551 1429 611 etad

301 643 448 728 injuriam
470 639 640 701 demendam
663 637 696 700 in
718 637 864 698 &erciam
885 636 1053 697 mt'ssuros:
1079 633 1136 696 sed
1156 633 1268 715 legatis
1291 635 1424 698 occulta

300 728 447 790 mandata
464 728 537 788 data
557 735 639 798 eunt,
654 737 689 785 ut
710 743 746 785 co
785 743 821 784 us
844 720 1035 783 Achaeorum
1057 719 1275 796 dissolverent,
1291 720 1424 802 asingu-

300 815 408 896 lasque
424 811 516 873 urbes
530 809 647 893 proprii
657 807 740 892 juris
769 803 980 890 acerent','qud
996 803 1121 868 faciliirs
1136 805 1176 867 ad
1190 805 1352 887 obsequia
1369 827 1422 868 eo·

244 892 248 904 ’
302 913 466 984 gerentur:
493 910 536 972 et,
560 897 587 958 si
614 913 682 976 quae
704 893 796 956 urbes
822 909 1020 956 contumaces
1046 905 1160 966 essent,
1182 889 1422 973 frangerentur.

248 1025 251 1035 ,
303 985 406 1068 Igitur
420 981 527 1064 legati,
542 981 683 1042 omnium
704 979 866 1044 civitatum
888 977 1076 1062 principibus
1093 975 1284 1039 Corinthum
1303 999 1421 1040 evoca-

302 1073 355 1145 tis,
369 1059 670 1132 decretum'senauis
689 1063 837 1126 recitant:
862 1065 939 1146 quid
957 1061 1077 1126 consilii
1096 1061 1240 1138 habeant,
1255 1063 1420 1145 aperiunt.

302 1155 458 1240 Expedire
477 1151 612 1216 omnibus
627 1153 746 1224 dicunt,
760 1151 807 1211 3ιιι
825 1149 955 1228 singulo
967 1149 1106 1211 civitates
1124 1169 1180 1209 suu
1192 1147 1277 1232 jura
1299 1160 1421 1211 etseras

302 1243 383 1326 leges
405 1239 543 1302 habeant.
589 1235 686 1310 Quod
708 1237 763 1298 ubi
785 1238 930 1305 omnibus
952 1235 1096 1310 innotuit,
1110 1235 1195 1296 velut
1216 1233 1420 1298 in'furorem

301 1327 398 1404 versi,
408 1325 586 1388 universum
599 1321 812 1405 ⁴peregrinum
825 1321 975 1406 populum
991 1320 1167 1382 trucidant:
1181 1320 1319 1401 ³legatos
1335 1342 1420 1402 quo·

301 1435 362 1494 quc
386 1413 469 1496 ipsos
492 1409 706 1471 Romanorum
723 1405 898 1484 violissent,
913 1405 984 1484 nisi,
1002 1406 1111 1468 audito
1131 1407 1280 1484 tumultu,
1295 1405 1420 1490 trepidi

299 1497 333 1560 in
358 1499 464 1558 issent.
1134 1521 1137 1544 ι

143 1592 227 1643 „terat
239 1599 278 1657 op·
292 1583 295 1588 ’
330 1519 448 1644 ‘gcAR
460 1579 507 1642 11.
520 1578 597 1640 Hac
606 1575 659 1640 ubi
673 1575 782 1640 Rornae
790 1575 934 1640 nunciata
942 1591 1025 1654 sunt,
1033 1577 1152 1640 ⁶statinr
1162 1590 1288 1642 senatus
1299 1577 1346 1640 M
1349 1599 1419 1642 um-

139 1664 229 1740 preest.
301 1668 366 1732 mio
381 1667 514 1730 ⁷consuli
530 1664 646 1726 bellum
662 1662 840 1728 Achaicum
856 1663 1013 1726 decernit:
1030 1663 1085 1744 qui
1100 1661 1261 1746 extemplo
1270 1665 1419 1727 exercitu

146 1727 276 1783 cmm
300 1757 474 1838 deportato,
483 1745 801 1814 etotnnibusstreuue
815 1749 957 1832 provisis,
967 1749 1124 1832 pugnandi
1134 1750 1257 1832 copiam
1270 1747 1418 1814 hostibus

142 1809 286 1912 miuus
300 1841 386 1906 fecit.
402 1839 464 1902 Sed
473 1835 586 1902 Achaei
593 1833 680 1898 velut
687 1835 765 1899 uilril
774 1836 891 1918 negotii
902 1833 1045 1897 Romano
1055 1835 1134 1896 bello
1140 1836 1368 1918 suscepissent,
1375 1838 1417 1900 ita

138 1931 226 1994 putem
237 1929 291 1991 ὦ,
301 1927 384 2012 apud
399 1941 453 1988 eos
468 1923 609 2004 neglecta
624 1923 728 1984 omnia
741 1935 772 1983 et
786 1923 887 1982 soluta
901 1919 1003 1982 fuine.
1048 1919 1159 2002 Itaque
1173 1921 1344 2003 ‘praedanu
1355 1945 1416 1985 non

138 2003 221 2061 W·
247 2065 262 2093 .,
294 2011 439 2098 ,pralium
455 2009 636 2090 cogitantes,
649 2005 792 2072 vehicula
805 2005 846 2069 ad
860 2007 959 2090 spolia
973 2006 1110 2070 bostium
1125 2007 1318 2090 reportanda
1334 2009 1415 2072 dux·

704 2245 1001 2294 rnrussrnnrnrm.

322 2417 348 2496 'a
360 2447 396 2498 Et
401 2446 519 2510 facerent
527 2456 556 2496 ut
566 2447 668 2510 singula
677 2445 800 2504 civitates,
809 2445 887 2494 salutii
901 2459 952 2492 crem
964 2445 1020 2492 ollis
1031 2447 1153 2503 societate,
1161 2453 1241 2494 esseut
1253 2449 1292 2496 cui
1298 2449 1383 2512 J'uris,
1391 2449 1419 2496 ut

291 2512 396 2579 sacilitls
404 2523 549 2578 cogerentur
561 2517 596 2564 ad
603 2509 758 2564 odedmdum
768 2510 897 2562 mandatis
910 2509 1030 2561 Senatlrs.

790 2701 905 2750 NOTAE.

276 2891 280 2901 .
332 2857 345 2904 1
360 2857 467 2919 Propter
479 2863 585 2906 autunum
599 2854 696 2917 odium]
716 2850 794 2910 Quod
806 2852 841 2902 A·
864 2853 992 2915 Romanos
1013 2849 1203 2918 despexerunt,
1221 2852 1294 2904 utin
1312 2868 1416 2907 eorum

298 2921 362 2972 olraei
373 2921 517 2987 spartiatas
530 2923 572 2973 vel
582 2921 686 2982 invitos,
698 2919 801 2985 legibus
814 2927 841 2970 et
865 2923 976 2986 legatos
994 2919 1051 2970 ausi
1069 2919 1121 2970 sint
1137 2935 1238 2972 conum
1257 2917 1414 2986 projicere:

271 2983 276 2996 '
298 2989 423 3038 moenibus
436 2988 576 3052 ademptis,
588 2989 614 3036 in
627 3001 718 3036 eorurn
731 2985 842 3036 sociata·
863 2987 979 3052 dumque
999 2982 1078 3050 pauld
1095 2995 1157 3052 post
1174 2990 1354 3038 Romanorum
1370 2994 1416 3040 le-

296 3055 558 3119 temcompulissent:
569 3053 840 3120 quidereSpartistae
863 3052 919 3119 gati
932 3053 1041 3104 Achaeos
1051 3053 1172 3120 mitigare
1184 3061 1356 3116 conarentur,
1368 3058 1414 3122 qui

297 3123 472 3187 querebantur
481 3122 550 3187 apud
563 3125 699 3174 Romanos.
785 3121 791 3132 '
862 3119 896 3168 ob
917 3119 1026 3170 violatos
1049 3123 1163 3188 Legatos
1184 3119 1288 3173 efferati
1314 3121 1413 3173 bellurn

325 3191 346 3240 Ω
357 3191 464 3254 Legatos
473 3207 508 3248 se,
516 3185 580 3251 ua]
599 3188 724 3238 Fannium
735 3187 841 3238 Gabini·
863 3183 1048 3250 moliebantur,
1058 3189 1189 3239 Corinthii
1201 3188 1413 3240 moderationem

296 3269 339 3304 um
354 3263 383 3304 et
393 3256 542 3318 Papio-ium,
554 3255 650 3320 quibus
660 3254 781 3322 adjungit
797 3257 842 3306 Po·
863 3255 1037 3304 Romanorum
1061 3255 1234 3308 timiditatem
1264 3271 1326 3309 esse
1352 3259 1413 3316 rati,
1445 3285 1446 3300 r

295 3321 381 3385 lybios
402 3322 549 3384 Scipionem
566 3321 728 3382 Africanum,
745 3322 791 3388 qui
813 3322 841 3373 id
864 3321 948 3371 multa
958 3321 1085 3374 dixerunt
1095 3320 1257 3390 injuriosius.

295 3387 421 3452 temporis
440 3391 527 3437 Rornae
546 3389 703 3440 candidatus
719 3387 841 3440 'versaha-
898 3389 916 3440 6
928 3389 1016 3440 Statim
1028 3391 1134 3444 Senatus
1145 3392 1275 3452 Mummio,
1285 3389 1346 3454 &cI
1363 3395 1413 3442 Er·

249 3465 250 3472 ¹
295 3462 349 3503 tur.
466 3489 467 3492 ,
633 3454 635 3460 ’
864 3456 1254 3522 ratJustinuszprimdmenim
1267 3467 1412 3524 prorogato

329 3519 345 3568 3
371 3521 406 3570 Ut
427 3523 529 3584 singule
553 3519 691 3586 cultures]
721 3523 840 3588 Spartam
865 3523 974 3574 Praetori
994 3525 1115 3586 Metello,
1137 3525 1184 3590 qui
1207 3532 1274 3576 tuno
1301 3525 1410 3593 regebat

295 3582 398 3638 tanturn
415 3595 443 3638 et
454 3588 606 3640 Corinthum
619 3591 737 3642 nominat
750 3593 842 3642 Pausa·
864 3589 1192 3657 Macedoniarnlmperio,
1200 3589 1310 3659 jussum
1322 3603 1374 3652 est,
1381 3601 1411 3644 ut
1444 3627 1445 3644 i

294 3655 366 3712 nias;
392 3653 489 3720 Argos„
510 3657 674 3718 Heracleam,
701 3657 841 3710 Orchome·
863 3656 889 3706 in
902 3658 1011 3708 Achaeos
1023 3667 1148 3720 moveret,
1160 3663 1228 3725 quos
1246 3657 1411 3740 paulopost,

192 3733 196 3740 '
293 3722 360 3782 nius,
370 3728 398 3773 et
411 3723 527 3772 Arcadas
534 3722 626 3790 jungit
640 3725 780 3791 Polybium
797 3725 840 3776 sd·
863 3722 928 3776 licet
937 3725 1046 3776 Boeotiis
1058 3731 1088 3778 et
1099 3723 1321 3778 Chalcidensibus
1335 3743 1412 3796 Junc-

294 3789 386 3855 dirque
406 3791 499 3840 Florus
520 3791 644 3842 civitates
664 3807 840 3860 omnesquae
862 3791 960 3852 tos,ad
977 3793 1166 3859 Thermopylas
1183 3793 1329 3858 superavit.
1363 3798 1414 3851 Eoi
1443 3841 1444 3846 ,

294 3857 342 3911 sub
355 3855 457 3908 ditione
471 3856 585 3922 Philippi
595 3867 693 3910 essent.
862 3873 920 3908 rurn
933 3859 1087 3926 imperator,
1099 3862 1153 3912 sire
1170 3861 1267 3922 Diaeus,
1277 3867 1309 3912 ut
1322 3861 1412 3926 placet

326 3926 344 3974 4
366 3927 532 3988 Peregrinum
550 3930 665 3990 populum
686 3923 840 3990 trucidant]
862 3925 981 3992 Polybio,
993 3928 1048 3980 sive
1059 3927 1201 3990 Critolaus,
1211 3936 1243 3978 nt
1254 3929 1358 3978 mauult
1372 3931 1412 3981 Li-

200 4001 201 4008 *
292 3987 482 4042 Lacedaemonii
499 3991 523 4038 in
536 3991 640 4042 viuculo
655 3993 780 4060 conjecti,
793 4009 840 4042 cce·
859 3992 928 4052 vius,
939 4003 1050 4048 mortem
1063 3994 1111 4046 sibi
1123 4009 1222 4048 ueneno
1237 3995 1380 4046 conscivit„

291 4057 343 4108 teri
356 4058 427 4124 pulsi
445 4074 479 4107 ex
497 4057 638 4117 urbe,‹iux
651 4059 838 4120 bellielectus,
893 4060 1047 4126 monuo]
1070 4063 1217 4114 Mummius
1227 4063 1328 4114 Consul
1338 4080 1412 4116 crea·
1442 4119 1443 4132 ,

291 4136 319 4174 et
329 4125 431 4180 Boeotii.
441 4123 486 4190 qui
499 4125 592 4190 grandi
602 4127 716 4188 pecunia
728 4127 838 4178 mulcta·
859 4134 903 4178 tus
914 4135 958 4180 est
968 4145 1030 4182 oum
1039 4129 1162 4182 Cornelio
1172 4129 1294 4184 Lentulos

291 4189 464 4244 tiaMetello
475 4189 585 4252 suet-ant,
598 4191 633 4244 ad
643 4207 716 4242 arrna
726 4194 838 4244 concita·
893 4195 1309 4262 tmammnmpraeuumjcun
1320 4198 1408 4249 Diaeus

290 4257 320 4306 ti.
355 4259 397 4308 Ito
407 4259 560 4312 Pausanias.
859 4264 979 4314 Crotolai‘
984 4277 1121 4317 successor
1131 4267 1261 4315 Romanos
1269 4265 1365 4332 aliqua
1372 4266 1410 4318 fu·

324 4325 461 4388 SIaegntos
471 4341 566 4388 qrcoqroe
577 4324 764 4392 Romanorum]
782 4327 837 4378 Alia
860 4329 955 4389 disset.
966 4330 1062 4397 aliique
1081 4347 1109 4393 se
1127 4331 1294 4390 continerent
1308 4331 1336 4383 in
1355 4349 1409 4383 cas-

288 4387 399 4464 terbelli
413 4407 517 4460 causam
528 4401 615 4441 narrat
627 4393 762 4462 Polybius:
774 4393 839 4445 curn·
860 4397 918 4460 tris,
929 4414 974 4450 eos
986 4412 1038 4450 non
1056 4397 1169 4451 martiane
1187 4399 1320 4454 timendos
1334 4397 1407 4452 dixe-

288 4469 358 4508 cnim
378 4457 501 4522 Philippo
517 4468 640 4524 parerent
650 4462 787 4524 Corinthii,
802 4462 837 4514 ita
859 4473 908 4516 rat.
