<?xml version="1.0" encoding="UTF-8"?>
<!DOCTYPE html PUBLIC "-//W3C//DTD XHTML 1.0 Transitional//EN"
    "http://www.w3.org/TR/xhtml1/DTD/xhtml1-transitional.dtd">
<html xmlns="http://www.w3.org/1999/xhtml" xml:lang="en" lang="en">
 <head>
  <title>
</title>
<meta http-equiv="Content-Type" content="text/html;charset=utf-8" />
  <meta name='ocr-system' content='tesseract 3.04.00' />
  <meta name='ocr-capabilities' content='ocr_page ocr_carea ocr_par ocr_line ocrx_word'/>
</head>
<body>
  <div class='ocr_page' id='page_1' title='image "./justinusdehisto00bonggoog_0058.png"; bbox 0 0 2924 4918; ppageno 0'>
   <div class='ocr_carea' id='block_1_1' title="bbox 116 249 1060 382">
    <p class='ocr_par' dir='ltr' id='par_1_1' title="bbox 116 249 1060 382">
     <span class='ocr_line' id='line_1_1' title="bbox 116 249 1060 382; baseline 0.001 -19"><span class='ocrx_word' id='word_1_1' title='bbox 116 289 158 364; x_wconf 79' lang='lat' dir='ltr'><strong>‘aa</strong></span> <span class='ocrx_word' id='word_1_2' title='bbox 412 337 415 344; x_wconf 53' lang='lat'><strong>.</strong></span> <span class='ocrx_word' id='word_1_3' title='bbox 539 299 544 314; x_wconf 12' lang='grc' dir='ltr'><strong>Ν·</strong></span> <span class='ocrx_word' id='word_1_4' title='bbox 705 285 708 296; x_wconf 81' lang='grc'><strong>’</strong></span> <span class='ocrx_word' id='word_1_5' title='bbox 724 297 949 382; x_wconf 75' lang='lat' dir='ltr'><strong>Jusrrun</strong></span> <span class='ocrx_word' id='word_1_6' title='bbox 1053 249 1060 268; x_wconf 67' lang='grc'>’</span> 
     </span>
    </p>
   </div>
   <div class='ocr_carea' id='block_1_2' title="bbox 100 465 1389 1914">
    <p class='ocr_par' dir='ltr' id='par_1_2' title="bbox 116 465 1387 983">
     <span class='ocr_line' id='line_1_2' title="bbox 116 465 1385 557; baseline 0.006 -25"><span class='ocrx_word' id='word_1_7' title='bbox 116 481 262 536; x_wconf 67' lang='lat' dir='ltr'><strong>antam.</strong></span> <span class='ocrx_word' id='word_1_8' title='bbox 273 471 344 548; x_wconf 82' lang='lat' dir='ltr'><strong>fuit,</strong></span> <span class='ocrx_word' id='word_1_9' title='bbox 358 483 509 554; x_wconf 86' lang='lat' dir='ltr'><strong>sequutus</strong></span> <span class='ocrx_word' id='word_1_10' title='bbox 526 477 594 534; x_wconf 81' lang='lat' dir='ltr'><strong>est&#39;:</strong></span> <span class='ocrx_word' id='word_1_11' title='bbox 613 470 732 556; x_wconf 76' lang='lat' dir='ltr'><strong>¹ibique</strong></span> <span class='ocrx_word' id='word_1_12' title='bbox 754 473 894 557; x_wconf 80' lang='lat' dir='ltr'><strong>pralium</strong></span> <span class='ocrx_word' id='word_1_13' title='bbox 914 471 1126 536; x_wconf 85' lang='lat' dir='ltr'><strong>commissum.</strong></span> <span class='ocrx_word' id='word_1_14' title='bbox 1170 465 1234 536; x_wconf 63' lang='lat' dir='ltr'><strong>sid</strong></span> <span class='ocrx_word' id='word_1_15' title='bbox 1252 471 1385 539; x_wconf 85' lang='lat' dir='ltr'><strong>fortuna</strong></span> 
     </span>
     <span class='ocr_line' id='line_1_3' title="bbox 116 547 1385 665; baseline 0 -43"><span class='ocrx_word' id='word_1_16' title='bbox 116 547 240 665; x_wconf 33' lang='lat'>⁰2⁷⁵·2·</span> <span class='ocrx_word' id='word_1_17' title='bbox 273 559 356 641; x_wconf 84' lang='lat' dir='ltr'><strong>regis</strong></span> <span class='ocrx_word' id='word_1_18' title='bbox 376 577 447 622; x_wconf 90' lang='lat' dir='ltr'><strong>cum</strong></span> <span class='ocrx_word' id='word_1_19' title='bbox 463 557 543 620; x_wconf 89' lang='lat' dir='ltr'><strong>duce</strong></span> <span class='ocrx_word' id='word_1_20' title='bbox 563 573 681 620; x_wconf 88' lang='lat' dir='ltr'><strong>mutata</strong></span> <span class='ocrx_word' id='word_1_21' title='bbox 702 573 841 621; x_wconf 84' lang='lat' dir='ltr'><strong>nonest.</strong></span> <span class='ocrx_word' id='word_1_22' title='bbox 886 557 972 621; x_wconf 91' lang='lat' dir='ltr'><strong>Nam</strong></span> <span class='ocrx_word' id='word_1_23' title='bbox 988 559 1088 621; x_wconf 89' lang='lat' dir='ltr'><strong>victus</strong></span> <span class='ocrx_word' id='word_1_24' title='bbox 1108 557 1308 639; x_wconf 78' lang='lat' dir='ltr'><strong>Mardonius,</strong></span> <span class='ocrx_word' id='word_1_25' title='bbox 1322 583 1385 624; x_wconf 83' lang='lat' dir='ltr'><strong>ve-</strong></span> 
     </span>
     <span class='ocr_line' id='line_1_4' title="bbox 116 617 1386 735; baseline 0.001 -27"><span class='ocrx_word' id='word_1_26' title='bbox 116 617 260 735; x_wconf 45' lang='grc' dir='ltr'><strong>Ἁὲἒζξ</strong></span> <span class='ocrx_word' id='word_1_27' title='bbox 272 645 329 710; x_wconf 88' lang='lat' dir='ltr'><strong>luti</strong></span> <span class='ocrx_word' id='word_1_28' title='bbox 358 663 398 706; x_wconf 86' lang='lat' dir='ltr'><strong>ex</strong></span> <span class='ocrx_word' id='word_1_29' title='bbox 419 641 591 726; x_wconf 79' lang='lat' dir='ltr'><strong>naufragio,</strong></span> <span class='ocrx_word' id='word_1_30' title='bbox 610 664 682 706; x_wconf 88' lang='lat' dir='ltr'><strong>cum</strong></span> <span class='ocrx_word' id='word_1_31' title='bbox 709 644 815 726; x_wconf 77' lang='lat' dir='ltr'><strong>paucis</strong></span> <span class='ocrx_word' id='word_1_32' title='bbox 840 641 1002 727; x_wconf 83' lang='lat' dir='ltr'><strong>²prufugit.</strong></span> <span class='ocrx_word' id='word_1_33' title='bbox 1044 643 1168 707; x_wconf 85' lang='lat' dir='ltr'><strong>³Castra</strong></span> <span class='ocrx_word' id='word_1_34' title='bbox 1192 641 1308 708; x_wconf 82' lang='lat' dir='ltr'><strong>referta</strong></span> <span class='ocrx_word' id='word_1_35' title='bbox 1328 667 1386 708; x_wconf 88' lang='lat' dir='ltr'><strong>re·</strong></span> 
     </span>
     <span class='ocr_line' id='line_1_5' title="bbox 170 717 1386 816; baseline 0.002 -24"><span class='ocrx_word' id='word_1_36' title='bbox 170 719 177 732; x_wconf 61' lang='lat'><em>⁶</em></span> <span class='ocrx_word' id='word_1_37' title='bbox 200 720 205 732; x_wconf 60' lang='lat'><strong>¹</strong></span> <span class='ocrx_word' id='word_1_38' title='bbox 256 717 351 816; x_wconf 71' lang='lat' dir='ltr'><strong>&#39;galis</strong></span> <span class='ocrx_word' id='word_1_39' title='bbox 372 729 533 812; x_wconf 76' lang='lat' dir='ltr'><strong>opulentia</strong></span> <span class='ocrx_word' id='word_1_40' title='bbox 554 743 654 811; x_wconf 82' lang='lat' dir='ltr'><strong>capta.</strong></span> <span class='ocrx_word' id='word_1_41' title='bbox 679 727 795 792; x_wconf 88' lang='lat' dir='ltr'><strong>&#39;Unde</strong></span> <span class='ocrx_word' id='word_1_42' title='bbox 817 730 957 812; x_wconf 84' lang='lat' dir='ltr'><strong>primum</strong></span> <span class='ocrx_word' id='word_1_43' title='bbox 977 730 1114 808; x_wconf 75' lang='lat' dir='ltr'><strong>Grecos,</strong></span> <span class='ocrx_word' id='word_1_44' title='bbox 1127 729 1230 792; x_wconf 89' lang='lat' dir='ltr'><strong>diviso</strong></span> <span class='ocrx_word' id='word_1_45' title='bbox 1248 730 1330 794; x_wconf 85' lang='lat' dir='ltr'><strong>inter</strong></span> <span class='ocrx_word' id='word_1_46' title='bbox 1344 753 1386 794; x_wconf 83' lang='lat' dir='ltr'><strong>se</strong></span> 
     </span>
     <span class='ocr_line' id='line_1_6' title="bbox 272 812 1387 898; baseline 0 -18"><span class='ocrx_word' id='word_1_47' title='bbox 272 837 349 880; x_wconf 88' lang='lat' dir='ltr'><strong>auro</strong></span> <span class='ocrx_word' id='word_1_48' title='bbox 365 813 502 892; x_wconf 85' lang='lat' dir='ltr'><strong>Persico,</strong></span> <span class='ocrx_word' id='word_1_49' title='bbox 519 815 700 876; x_wconf 90' lang='lat' dir='ltr'><strong>divitiarum</strong></span> <span class='ocrx_word' id='word_1_50' title='bbox 715 815 839 877; x_wconf 80' lang='lat' dir='ltr'><strong>luxuria</strong></span> <span class='ocrx_word' id='word_1_51' title='bbox 861 815 953 898; x_wconf 87' lang='lat' dir='ltr'><strong>cepit.</strong></span> <span class='ocrx_word' id='word_1_52' title='bbox 998 812 1121 876; x_wconf 87' lang='lat' dir='ltr'><strong>Eodem</strong></span> <span class='ocrx_word' id='word_1_53' title='bbox 1138 812 1219 878; x_wconf 68' lang='lat' dir='ltr'><strong>forte</strong></span> <span class='ocrx_word' id='word_1_54' title='bbox 1233 815 1298 893; x_wconf 88' lang='lat' dir='ltr'><strong>die,</strong></span> <span class='ocrx_word' id='word_1_55' title='bbox 1313 837 1387 898; x_wconf 92' lang='lat' dir='ltr'><strong>quo</strong></span> 
     </span>
     <span class='ocr_line' id='line_1_7' title="bbox 272 899 1386 983; baseline -0.001 -18"><span class='ocrx_word' id='word_1_56' title='bbox 272 899 435 965; x_wconf 88' lang='lat' dir='ltr'><strong>Mardonii</strong></span> <span class='ocrx_word' id='word_1_57' title='bbox 458 900 552 982; x_wconf 83' lang='lat' dir='ltr'><strong>copiae</strong></span> <span class='ocrx_word' id='word_1_58' title='bbox 573 901 682 962; x_wconf 77' lang='lat' dir='ltr'><strong>deleta</strong></span> <span class='ocrx_word' id='word_1_59' title='bbox 703 916 787 977; x_wconf 88' lang='lat' dir='ltr'><strong>suut,</strong></span> <span class='ocrx_word' id='word_1_60' title='bbox 802 900 897 966; x_wconf 88' lang='lat' dir='ltr'><strong>etiam</strong></span> <span class='ocrx_word' id='word_1_61' title='bbox 912 899 1013 962; x_wconf 79' lang='lat' dir='ltr'><strong>navali</strong></span> <span class='ocrx_word' id='word_1_62' title='bbox 1031 900 1136 983; x_wconf 82' lang='lat' dir='ltr'><strong>praelio</strong></span> <span class='ocrx_word' id='word_1_63' title='bbox 1152 901 1183 963; x_wconf 89' lang='lat' dir='ltr'><strong>in</strong></span> <span class='ocrx_word' id='word_1_64' title='bbox 1201 899 1292 980; x_wconf 77' lang='lat' dir='ltr'><strong>Asici,</strong></span> <span class='ocrx_word' id='word_1_65' title='bbox 1305 903 1386 964; x_wconf 74' lang='lat' dir='ltr'><strong>⁴sub</strong></span> 
     </span>
    </p>

    <p class='ocr_par' dir='ltr' id='par_1_3' title="bbox 271 984 1389 1318">
     <span class='ocr_line' id='line_1_8' title="bbox 271 984 1384 1068; baseline -0.001 -18"><span class='ocrx_word' id='word_1_66' title='bbox 271 1000 377 1050; x_wconf 88' lang='lat' dir='ltr'><strong>monte</strong></span> <span class='ocrx_word' id='word_1_67' title='bbox 394 985 533 1068; x_wconf 79' lang='lat' dir='ltr'><strong>Mycale,</strong></span> <span class='ocrx_word' id='word_1_68' title='bbox 548 984 700 1054; x_wconf 74' lang='lat' dir='ltr'><strong>adversus</strong></span> <span class='ocrx_word' id='word_1_69' title='bbox 716 985 827 1048; x_wconf 88' lang='lat' dir='ltr'><strong>Persas</strong></span> <span class='ocrx_word' id='word_1_70' title='bbox 842 985 1026 1049; x_wconf 81' lang='lat' dir='ltr'><strong>dimicatum</strong></span> <span class='ocrx_word' id='word_1_71' title='bbox 1045 1001 1102 1047; x_wconf 89' lang='lat' dir='ltr'><strong>est.</strong></span> <span class='ocrx_word' id='word_1_72' title='bbox 1148 985 1198 1048; x_wconf 91' lang='lat' dir='ltr'><strong>Ibi</strong></span> <span class='ocrx_word' id='word_1_73' title='bbox 1214 1001 1284 1050; x_wconf 89' lang='lat' dir='ltr'><strong>ante</strong></span> <span class='ocrx_word' id='word_1_74' title='bbox 1303 1007 1384 1050; x_wconf 88' lang='lat' dir='ltr'><strong>con-</strong></span> 
     </span>
     <span class='ocr_line' id='line_1_9' title="bbox 271 1067 1385 1157; baseline 0.003 -24"><span class='ocrx_word' id='word_1_75' title='bbox 271 1070 475 1157; x_wconf 82' lang='lat' dir='ltr'><strong>gressionem,</strong></span> <span class='ocrx_word' id='word_1_76' title='bbox 490 1069 564 1133; x_wconf 78' lang='lat' dir='ltr'><strong>crim</strong></span> <span class='ocrx_word' id='word_1_77' title='bbox 581 1073 695 1134; x_wconf 79' lang='lat' dir='ltr'>classes</span> <span class='ocrx_word' id='word_1_78' title='bbox 712 1091 753 1133; x_wconf 87' lang='lat' dir='ltr'><strong>ex</strong></span> <span class='ocrx_word' id='word_1_79' title='bbox 767 1071 1040 1148; x_wconf 83' lang='lat' dir='ltr'><strong>adverso&#39;starent,</strong></span> <span class='ocrx_word' id='word_1_80' title='bbox 1055 1067 1138 1133; x_wconf 86' lang='lat' dir='ltr'><strong>fama</strong></span> <span class='ocrx_word' id='word_1_81' title='bbox 1151 1071 1193 1134; x_wconf 86' lang='lat' dir='ltr'><strong>ad</strong></span> <span class='ocrx_word' id='word_1_82' title='bbox 1207 1085 1385 1154; x_wconf 87' lang='lat' dir='ltr'><strong>utrumque</strong></span> 
     </span>
     <span class='ocr_line' id='line_1_10' title="bbox 272 1155 1389 1239; baseline -0.003 -16"><span class='ocrx_word' id='word_1_83' title='bbox 272 1157 445 1223; x_wconf 84' lang='lat' dir='ltr'><strong>exercitum</strong></span> <span class='ocrx_word' id='word_1_84' title='bbox 462 1156 557 1232; x_wconf 90' lang='lat' dir='ltr'><strong>venit,</strong></span> <span class='ocrx_word' id='word_1_85' title='bbox 572 1157 684 1218; x_wconf 86' lang='lat' dir='ltr'><strong>vicisse</strong></span> <span class='ocrx_word' id='word_1_86' title='bbox 701 1157 838 1234; x_wconf 75' lang='lat' dir='ltr'><strong>Grecos,</strong></span> <span class='ocrx_word' id='word_1_87' title='bbox 854 1171 888 1219; x_wconf 89' lang='lat' dir='ltr'><strong>et</strong></span> <span class='ocrx_word' id='word_1_88' title='bbox 907 1155 1070 1218; x_wconf 90' lang='lat' dir='ltr'><strong>Mardonii</strong></span> <span class='ocrx_word' id='word_1_89' title='bbox 1092 1156 1196 1239; x_wconf 89' lang='lat' dir='ltr'><strong>copias</strong></span> <span class='ocrx_word' id='word_1_90' title='bbox 1211 1157 1389 1223; x_wconf 37' lang='lat' dir='ltr'><strong>,occidione</strong></span> 
     </span>
     <span class='ocr_line' id='line_1_11' title="bbox 273 1238 1386 1318; baseline 0 -12"><span class='ocrx_word' id='word_1_91' title='bbox 273 1241 437 1306; x_wconf 83' lang='lat' dir='ltr'><strong>occidisse.</strong></span> <span class='ocrx_word' id='word_1_92' title='bbox 481 1238 616 1304; x_wconf 88' lang='lat' dir='ltr'><strong>Tantam</strong></span> <span class='ocrx_word' id='word_1_93' title='bbox 632 1239 722 1302; x_wconf 85' lang='lat' dir='ltr'><strong>famae</strong></span> <span class='ocrx_word' id='word_1_94' title='bbox 738 1243 938 1305; x_wconf 85' lang='lat' dir='ltr'><strong>velocitatem</strong></span> <span class='ocrx_word' id='word_1_95' title='bbox 950 1239 1059 1318; x_wconf 89' lang='lat' dir='ltr'><strong>fuisse,</strong></span> <span class='ocrx_word' id='word_1_96' title='bbox 1073 1254 1108 1304; x_wconf 88' lang='lat' dir='ltr'><strong>nt</strong></span> <span class='ocrx_word' id='word_1_97' title='bbox 1127 1239 1203 1304; x_wconf 78' lang='lat' dir='ltr'><strong>edm</strong></span> <span class='ocrx_word' id='word_1_98' title='bbox 1224 1244 1386 1309; x_wconf 84' lang='lat' dir='ltr'><strong>matutino</strong></span> 
     </span>
    </p>

    <p class='ocr_par' dir='ltr' id='par_1_4' title="bbox 270 1325 1385 1411">
     <span class='ocr_line' id='line_1_12' title="bbox 270 1325 1385 1411; baseline 0.003 -21"><span class='ocrx_word' id='word_1_99' title='bbox 270 1341 411 1410; x_wconf 87' lang='lat' dir='ltr'><strong>tempore</strong></span> <span class='ocrx_word' id='word_1_100' title='bbox 427 1327 566 1411; x_wconf 77' lang='lat' dir='ltr'><strong>prelium</strong></span> <span class='ocrx_word' id='word_1_101' title='bbox 590 1325 621 1388; x_wconf 90' lang='lat' dir='ltr'><strong>in</strong></span> <span class='ocrx_word' id='word_1_102' title='bbox 647 1325 766 1388; x_wconf 85' lang='lat' dir='ltr'><strong>Breotia</strong></span> <span class='ocrx_word' id='word_1_103' title='bbox 788 1325 990 1390; x_wconf 84' lang='lat' dir='ltr'><strong>commissum</strong></span> <span class='ocrx_word' id='word_1_104' title='bbox 1015 1325 1067 1402; x_wconf 90' lang='lat' dir='ltr'><strong>sit,</strong></span> <span class='ocrx_word' id='word_1_105' title='bbox 1087 1326 1269 1390; x_wconf 80' lang='lat' dir='ltr'><strong>meridianis</strong></span> <span class='ocrx_word' id='word_1_106' title='bbox 1291 1327 1385 1394; x_wconf 88' lang='lat' dir='ltr'><strong>horis</strong></span> 
     </span>
    </p>

    <p class='ocr_par' dir='ltr' id='par_1_5' title="bbox 270 1407 1386 1667">
     <span class='ocr_line' id='line_1_13' title="bbox 270 1407 1382 1502; baseline 0.002 -27"><span class='ocrx_word' id='word_1_107' title='bbox 270 1413 303 1475; x_wconf 91' lang='lat' dir='ltr'><strong>in</strong></span> <span class='ocrx_word' id='word_1_108' title='bbox 318 1412 443 1489; x_wconf 80' lang='lat' dir='ltr'><strong>Asiam,</strong></span> <span class='ocrx_word' id='word_1_109' title='bbox 458 1431 513 1495; x_wconf 87' lang='lat' dir='ltr'><strong>per</strong></span> <span class='ocrx_word' id='word_1_110' title='bbox 534 1418 580 1473; x_wconf 88' lang='lat' dir='ltr'><strong>tot</strong></span> <span class='ocrx_word' id='word_1_111' title='bbox 602 1411 710 1488; x_wconf 87' lang='lat' dir='ltr'><strong>maria,</strong></span> <span class='ocrx_word' id='word_1_112' title='bbox 725 1425 757 1473; x_wconf 90' lang='lat' dir='ltr'><strong>et</strong></span> <span class='ocrx_word' id='word_1_113' title='bbox 777 1426 897 1475; x_wconf 89' lang='lat' dir='ltr'><strong>tantum</strong></span> <span class='ocrx_word' id='word_1_114' title='bbox 919 1409 1021 1502; x_wconf 85' lang='lat' dir='ltr'><strong>spatii,</strong></span> <span class='ocrx_word' id='word_1_115' title='bbox 1036 1407 1100 1474; x_wconf 75' lang='lat' dir='ltr'><strong>tim</strong></span> <span class='ocrx_word' id='word_1_116' title='bbox 1122 1411 1209 1474; x_wconf 85' lang='lat' dir='ltr'><strong>brevi</strong></span> <span class='ocrx_word' id='word_1_117' title='bbox 1225 1411 1382 1477; x_wconf 87' lang='lat' dir='ltr'><strong>horarum</strong></span> 
     </span>
     <span class='ocr_line' id='line_1_14' title="bbox 270 1495 1386 1574; baseline -0.001 -13"><span class='ocrx_word' id='word_1_118' title='bbox 270 1511 441 1574; x_wconf 87' lang='lat' dir='ltr'><strong>momento,</strong></span> <span class='ocrx_word' id='word_1_119' title='bbox 455 1499 496 1559; x_wconf 90' lang='lat' dir='ltr'><strong>de</strong></span> <span class='ocrx_word' id='word_1_120' title='bbox 518 1496 647 1559; x_wconf 75' lang='lat' dir='ltr'><strong>victorii</strong></span> <span class='ocrx_word' id='word_1_121' title='bbox 668 1496 844 1560; x_wconf 88' lang='lat' dir='ltr'><strong>nuntiatum</strong></span> <span class='ocrx_word' id='word_1_122' title='bbox 865 1495 916 1562; x_wconf 86' lang='lat' dir='ltr'><strong>sit.</strong></span> <span class='ocrx_word' id='word_1_123' title='bbox 938 1499 943 1510; x_wconf 87' lang='lat'><em>&#39;</em></span> <span class='ocrx_word' id='word_1_124' title='bbox 961 1495 1113 1560; x_wconf 84' lang='lat' dir='ltr'><strong>Confecto</strong></span> <span class='ocrx_word' id='word_1_125' title='bbox 1134 1497 1227 1574; x_wconf 81' lang='lat' dir='ltr'><strong>bello,</strong></span> <span class='ocrx_word' id='word_1_126' title='bbox 1242 1496 1317 1564; x_wconf 75' lang='lat' dir='ltr'><strong>cirm</strong></span> <span class='ocrx_word' id='word_1_127' title='bbox 1339 1501 1386 1562; x_wconf 86' lang='lat' dir='ltr'><strong>de</strong></span> 
     </span>
     <span class='ocr_line' id='line_1_15' title="bbox 270 1580 1386 1667; baseline 0.004 -23"><span class='ocrx_word' id='word_1_128' title='bbox 270 1583 407 1667; x_wconf 85' lang='lat' dir='ltr'><strong>praemiis</strong></span> <span class='ocrx_word' id='word_1_129' title='bbox 436 1581 596 1645; x_wconf 87' lang='lat' dir='ltr'><strong>civitatum</strong></span> <span class='ocrx_word' id='word_1_130' title='bbox 624 1597 778 1664; x_wconf 81' lang='lat' dir='ltr'><strong>ageretur,</strong></span> <span class='ocrx_word' id='word_1_131' title='bbox 805 1582 946 1644; x_wconf 89' lang='lat' dir='ltr'><strong>omnimn</strong></span> <span class='ocrx_word' id='word_1_132' title='bbox 972 1580 1108 1666; x_wconf 89' lang='lat' dir='ltr'><strong>judicio,</strong></span> <span class='ocrx_word' id='word_1_133' title='bbox 1132 1581 1386 1648; x_wconf 85' lang='lat' dir='ltr'><strong>Atheniensium</strong></span> 
     </span>
    </p>

    <p class='ocr_par' dir='ltr' id='par_1_6' title="bbox 270 1666 1386 1750">
     <span class='ocr_line' id='line_1_16' title="bbox 270 1666 1386 1750; baseline 0.001 -19"><span class='ocrx_word' id='word_1_134' title='bbox 270 1670 371 1732; x_wconf 85' lang='lat' dir='ltr'><strong>virtus</strong></span> <span class='ocrx_word' id='word_1_135' title='bbox 398 1667 516 1730; x_wconf 72' lang='lat' dir='ltr'><strong>caeteris</strong></span> <span class='ocrx_word' id='word_1_136' title='bbox 546 1669 696 1749; x_wconf 74' lang='lat' dir='ltr'><strong>pretam..</strong></span> <span class='ocrx_word' id='word_1_137' title='bbox 739 1668 825 1729; x_wconf 85' lang='lat' dir='ltr'>Inter</span> <span class='ocrx_word' id='word_1_138' title='bbox 854 1667 952 1730; x_wconf 91' lang='lat' dir='ltr'><strong>duces</strong></span> <span class='ocrx_word' id='word_1_139' title='bbox 982 1685 1106 1750; x_wconf 87' lang='lat' dir='ltr'><strong>quoque</strong></span> <span class='ocrx_word' id='word_1_140' title='bbox 1136 1666 1386 1734; x_wconf 71' lang='lat' dir='ltr'><strong>’Themistocles</strong></span> 
     </span>
    </p>

    <p class='ocr_par' dir='ltr' id='par_1_7' title="bbox 100 1717 1387 1870">
     <span class='ocr_line' id='line_1_17' title="bbox 100 1717 1387 1870; baseline 0.002 -55"><span class='ocrx_word' id='word_1_141' title='bbox 100 1717 142 1870; x_wconf 51' lang='lat' dir='ltr'><strong>h,</strong></span> <span class='ocrx_word' id='word_1_142' title='bbox 208 1809 227 1866; x_wconf 40' lang='grc' dir='ltr'><strong>,ἐ</strong></span> <span class='ocrx_word' id='word_1_143' title='bbox 270 1754 424 1837; x_wconf 87' lang='lat' dir='ltr'><strong>princeps,</strong></span> <span class='ocrx_word' id='word_1_144' title='bbox 454 1753 616 1816; x_wconf 88' lang='lat' dir='ltr'><strong>civitatum</strong></span> <span class='ocrx_word' id='word_1_145' title='bbox 638 1743 817 1816; x_wconf 75' lang='lat' dir='ltr'><strong>tesiimonio</strong></span> <span class='ocrx_word' id='word_1_146' title='bbox 837 1751 1010 1838; x_wconf 84' lang='lat' dir='ltr'><strong>judicatus,</strong></span> <span class='ocrx_word' id='word_1_147' title='bbox 1031 1753 1160 1836; x_wconf 81' lang='lat' dir='ltr'><strong>gloriam</strong></span> <span class='ocrx_word' id='word_1_148' title='bbox 1183 1755 1288 1836; x_wconf 75' lang='lat' dir='ltr'><strong>patria</strong></span> <span class='ocrx_word' id='word_1_149' title='bbox 1312 1775 1387 1818; x_wconf 78' lang='lat' dir='ltr'><strong>suae</strong></span> 
     </span>
    </p>

    <p class='ocr_par' dir='ltr' id='par_1_8' title="bbox 132 1840 412 1914">
     <span class='ocr_line' id='line_1_18' title="bbox 132 1840 412 1914; baseline -0.007 -10"><span class='ocrx_word' id='word_1_150' title='bbox 132 1844 172 1914; x_wconf 52' lang='lat' dir='ltr'><strong>a·</strong></span> <span class='ocrx_word' id='word_1_151' title='bbox 271 1840 368 1904; x_wconf 85' lang='lat' dir='ltr'><strong>auxit.</strong></span> <span class='ocrx_word' id='word_1_152' title='bbox 396 1872 412 1884; x_wconf 89' lang='lat'><strong>··</strong></span> 
     </span>
    </p>
   </div>
   <div class='ocr_carea' id='block_1_3' title="bbox 114 1915 1387 2036">
    <p class='ocr_par' dir='ltr' id='par_1_9' title="bbox 114 1915 1387 2036">
     <span class='ocr_line' id='line_1_19' title="bbox 114 1915 1387 2036; baseline 0.005 -52"><span class='ocrx_word' id='word_1_153' title='bbox 114 1915 260 2036; x_wconf 51' lang='lat' dir='ltr'><strong>ssdffi&#39;</strong></span> <span class='ocrx_word' id='word_1_154' title='bbox 314 1924 418 1988; x_wconf 83' lang='lat' dir='ltr'><strong>CAP.</strong></span> <span class='ocrx_word' id='word_1_155' title='bbox 434 1923 508 1987; x_wconf 88' lang='lat' dir='ltr'><strong>XV.</strong></span> <span class='ocrx_word' id='word_1_156' title='bbox 540 1924 642 2008; x_wconf 81' lang='lat' dir='ltr'><strong>Igitur</strong></span> <span class='ocrx_word' id='word_1_157' title='bbox 669 1924 879 1986; x_wconf 79' lang='lat' dir='ltr'>Athenienses</span> <span class='ocrx_word' id='word_1_158' title='bbox 909 1923 991 1986; x_wconf 88' lang='lat' dir='ltr'><strong>aucti</strong></span> <span class='ocrx_word' id='word_1_159' title='bbox 1021 1937 1053 1986; x_wconf 89' lang='lat' dir='ltr'><strong>et</strong></span> <span class='ocrx_word' id='word_1_160' title='bbox 1080 1923 1215 2007; x_wconf 79' lang='lat' dir='ltr'><strong>premiis</strong></span> <span class='ocrx_word' id='word_1_161' title='bbox 1239 1924 1325 2005; x_wconf 86' lang='lat' dir='ltr'><strong>belli,</strong></span> <span class='ocrx_word' id='word_1_162' title='bbox 1349 1939 1387 1990; x_wconf 89' lang='lat' dir='ltr'><strong>et</strong></span> 
     </span>
    </p>
   </div>
   <div class='ocr_carea' id='block_1_4' title="bbox 115 2060 263 2104">
    <p class='ocr_par' dir='ltr' id='par_1_10' title="bbox 115 2060 263 2104">
     <span class='ocr_line' id='line_1_20' title="bbox 115 2060 263 2104; baseline -0.034 0"><span class='ocrx_word' id='word_1_163' title='bbox 115 2060 263 2104; x_wconf 61' lang='lat' dir='ltr'><strong>mmmm.</strong></span> 
     </span>
    </p>
   </div>
   <div class='ocr_carea' id='block_1_5' title="bbox 1459 3 1463 1102">
    <p class='ocr_par' dir='ltr' id='par_1_11' title="bbox 1459 3 1463 1102">
     <span class='ocr_line' id='line_1_21' title="bbox 1459 3 1463 1102; baseline 0 0"><span class='ocrx_word' id='word_1_164' title='bbox 1459 3 1463 1102; x_wconf 95' lang='lat' dir='ltr'><strong> </strong></span> 
     </span>
    </p>
   </div>
   <div class='ocr_carea' id='block_1_6' title="bbox 761 2225 875 2274">
    <p class='ocr_par' dir='ltr' id='par_1_12' title="bbox 761 2225 875 2274">
     <span class='ocr_line' id='line_1_22' title="bbox 761 2225 875 2274; baseline 0.009 -1"><span class='ocrx_word' id='word_1_165' title='bbox 761 2225 875 2274; x_wconf 78' lang='lat' dir='ltr'><strong>NOTAE.</strong></span> 
     </span>
    </p>
   </div>
   <div class='ocr_carea' id='block_1_7' title="bbox 220 2461 1392 4394">
    <p class='ocr_par' dir='ltr' id='par_1_13' title="bbox 270 2461 1392 2794">
     <span class='ocr_line' id='line_1_23' title="bbox 271 2461 1391 2530; baseline 0.003 -16"><span class='ocrx_word' id='word_1_166' title='bbox 271 2463 358 2520; x_wconf 82' lang='lat' dir='ltr'><strong>riades</strong></span> <span class='ocrx_word' id='word_1_167' title='bbox 369 2462 461 2522; x_wconf 83' lang='lat' dir='ltr'><strong>efficit.</strong></span> <span class='ocrx_word' id='word_1_168' title='bbox 473 2464 522 2514; x_wconf 85' lang='lat' dir='ltr'><strong>hoc</strong></span> <span class='ocrx_word' id='word_1_169' title='bbox 534 2469 576 2513; x_wconf 85' lang='lat' dir='ltr'><strong>est</strong></span> <span class='ocrx_word' id='word_1_170' title='bbox 591 2461 703 2515; x_wconf 83' lang='grc' dir='ltr'>11000οι</span> <span class='ocrx_word' id='word_1_171' title='bbox 721 2465 814 2515; x_wconf 88' lang='lat' dir='ltr'><strong>Persa·</strong></span> <span class='ocrx_word' id='word_1_172' title='bbox 835 2481 887 2513; x_wconf 82' lang='lat' dir='ltr'><strong>rum</strong></span> <span class='ocrx_word' id='word_1_173' title='bbox 897 2466 975 2522; x_wconf 79' lang='lat' dir='ltr'><strong>duria.</strong></span> <span class='ocrx_word' id='word_1_174' title='bbox 988 2467 1031 2528; x_wconf 77' lang='lat' dir='ltr'><strong>qni</strong></span> <span class='ocrx_word' id='word_1_175' title='bbox 1040 2463 1093 2514; x_wconf 81' lang='lat' dir='ltr'><strong>edm</strong></span> <span class='ocrx_word' id='word_1_176' title='bbox 1102 2469 1172 2516; x_wconf 80' lang='lat' dir='ltr'><strong>talem</strong></span> <span class='ocrx_word' id='word_1_177' title='bbox 1180 2468 1257 2514; x_wconf 78' lang='lat' dir='ltr'><strong>citum</strong></span> <span class='ocrx_word' id='word_1_178' title='bbox 1269 2467 1391 2530; x_wconf 79' lang='lat' dir='ltr'><strong>ducerer,</strong></span> 
     </span>
     <span class='ocr_line' id='line_1_24' title="bbox 271 2528 1390 2598; baseline -0.003 -16"><span class='ocrx_word' id='word_1_179' title='bbox 271 2545 330 2582; x_wconf 82' lang='lat' dir='ltr'><strong>rum</strong></span> <span class='ocrx_word' id='word_1_180' title='bbox 341 2528 403 2581; x_wconf 81' lang='lat' dir='ltr'><strong>verri</strong></span> <span class='ocrx_word' id='word_1_181' title='bbox 421 2541 494 2582; x_wconf 87' lang='lat' dir='ltr'><strong>erant</strong></span> <span class='ocrx_word' id='word_1_182' title='bbox 504 2528 537 2581; x_wconf 86' lang='grc'><strong>30</strong></span> <span class='ocrx_word' id='word_1_183' title='bbox 553 2531 699 2598; x_wconf 86' lang='lat' dir='ltr'><strong>myriades:</strong></span> <span class='ocrx_word' id='word_1_184' title='bbox 716 2533 811 2596; x_wconf 85' lang='lat' dir='ltr'><strong>Diony·</strong></span> <span class='ocrx_word' id='word_1_185' title='bbox 834 2533 869 2580; x_wconf 84' lang='lat' dir='ltr'><strong>ad</strong></span> <span class='ocrx_word' id='word_1_186' title='bbox 879 2545 922 2582; x_wconf 84' lang='lat' dir='ltr'><strong>naa</strong></span> <span class='ocrx_word' id='word_1_187' title='bbox 934 2534 1079 2596; x_wconf 77' lang='lat' dir='ltr'><strong>subigendas</strong></span> <span class='ocrx_word' id='word_1_188' title='bbox 1091 2539 1166 2594; x_wconf 71' lang='lat' dir='ltr'><strong>uarat,</strong></span> <span class='ocrx_word' id='word_1_189' title='bbox 1177 2536 1219 2596; x_wconf 80' lang='lat' dir='ltr'><strong>qai</strong></span> <span class='ocrx_word' id='word_1_190' title='bbox 1231 2543 1279 2582; x_wconf 83' lang='lat' dir='ltr'><strong>tam</strong></span> <span class='ocrx_word' id='word_1_191' title='bbox 1289 2535 1390 2588; x_wconf 67' lang='lat' dir='ltr'><strong>minent</strong></span> 
     </span>
     <span class='ocr_line' id='line_1_25' title="bbox 271 2594 1195 2662; baseline 0.001 -14"><span class='ocrx_word' id='word_1_192' title='bbox 271 2615 318 2648; x_wconf 90' lang='lat' dir='ltr'><strong>sus</strong></span> <span class='ocrx_word' id='word_1_193' title='bbox 334 2594 395 2648; x_wconf 82' lang='lat' dir='ltr'><strong>verti</strong></span> <span class='ocrx_word' id='word_1_194' title='bbox 415 2599 488 2662; x_wconf 88' lang='lat' dir='ltr'><strong>ponit</strong></span> <span class='ocrx_word' id='word_1_195' title='bbox 503 2597 595 2648; x_wconf 88' lang='lat' dir='ltr'><strong>decern</strong></span> <span class='ocrx_word' id='word_1_196' title='bbox 610 2598 749 2662; x_wconf 82' lang='lat' dir='ltr'><strong>myriades,</strong></span> <span class='ocrx_word' id='word_1_197' title='bbox 761 2599 810 2648; x_wconf 89' lang='lat' dir='ltr'><strong>hoc</strong></span> <span class='ocrx_word' id='word_1_198' title='bbox 834 2602 983 2648; x_wconf 69' lang='lat' dir='ltr'><strong>saturamur.</strong></span> <span class='ocrx_word' id='word_1_199' title='bbox 1018 2600 1114 2649; x_wconf 85' lang='lat' dir='ltr'><strong>Herod.</strong></span> <span class='ocrx_word' id='word_1_200' title='bbox 1193 2617 1195 2621; x_wconf 93' lang='lat'>·</span> 
     </span>
     <span class='ocr_line' id='line_1_26' title="bbox 270 2662 1392 2731; baseline -0.003 -16"><span class='ocrx_word' id='word_1_201' title='bbox 270 2672 313 2715; x_wconf 87' lang='lat' dir='ltr'><strong>est</strong></span> <span class='ocrx_word' id='word_1_202' title='bbox 326 2662 433 2723; x_wconf 90' lang='grc'>100000,</span> <span class='ocrx_word' id='word_1_203' title='bbox 444 2673 472 2714; x_wconf 89' lang='lat' dir='ltr'><strong>et</strong></span> <span class='ocrx_word' id='word_1_204' title='bbox 483 2667 619 2714; x_wconf 81' lang='lat' dir='ltr'><strong>Persarum</strong></span> <span class='ocrx_word' id='word_1_205' title='bbox 630 2667 662 2715; x_wconf 88' lang='grc'><strong>50</strong></span> <span class='ocrx_word' id='word_1_206' title='bbox 672 2665 813 2731; x_wconf 74' lang='lat' dir='ltr'><strong>myriades,</strong></span> <span class='ocrx_word' id='word_1_207' title='bbox 867 2668 885 2714; x_wconf 82' lang='lat'>4</span> <span class='ocrx_word' id='word_1_208' title='bbox 897 2666 948 2714; x_wconf 78' lang='lat' dir='ltr'><strong>Sua</strong></span> <span class='ocrx_word' id='word_1_209' title='bbox 957 2674 1033 2713; x_wconf 82' lang='lat' dir='ltr'><strong>manta</strong></span> <span class='ocrx_word' id='word_1_210' title='bbox 1044 2663 1169 2728; x_wconf 60' lang='lat' dir='ltr'><strong>dducam]</strong></span> <span class='ocrx_word' id='word_1_211' title='bbox 1190 2667 1269 2715; x_wconf 87' lang='lat' dir='ltr'><strong>Mons</strong></span> <span class='ocrx_word' id='word_1_212' title='bbox 1283 2673 1328 2716; x_wconf 80' lang='lat' dir='ltr'><strong>eat</strong></span> <span class='ocrx_word' id='word_1_213' title='bbox 1343 2669 1392 2718; x_wconf 90' lang='lat'><strong>10.</strong></span> 
     </span>
     <span class='ocr_line' id='line_1_27' title="bbox 272 2729 1391 2794; baseline -0.005 -12"><span class='ocrx_word' id='word_1_214' title='bbox 272 2733 360 2790; x_wconf 88' lang='lat' dir='ltr'><strong>idest,</strong></span> <span class='ocrx_word' id='word_1_215' title='bbox 374 2733 481 2782; x_wconf 83' lang='lat'>500000.</span> <span class='ocrx_word' id='word_1_216' title='bbox 834 2729 892 2788; x_wconf 84' lang='lat' dir='ltr'><strong>niae,</strong></span> <span class='ocrx_word' id='word_1_217' title='bbox 901 2730 995 2794; x_wconf 76' lang='lat' dir='ltr'><strong>pelago</strong></span> <span class='ocrx_word' id='word_1_218' title='bbox 1011 2729 1156 2789; x_wconf 75' lang='lat' dir='ltr'><strong>imminens,</strong></span> <span class='ocrx_word' id='word_1_219' title='bbox 1170 2730 1203 2779; x_wconf 88' lang='lat' dir='ltr'><strong>ad</strong></span> <span class='ocrx_word' id='word_1_220' title='bbox 1214 2743 1293 2794; x_wconf 89' lang='lat' dir='ltr'><strong>quem</strong></span> <span class='ocrx_word' id='word_1_221' title='bbox 1311 2733 1391 2786; x_wconf 80' lang='lat' dir='ltr'><strong>Leu.</strong></span> 
     </span>
    </p>

    <p class='ocr_par' dir='ltr' id='par_1_14' title="bbox 270 2795 1392 2930">
     <span class='ocr_line' id='line_1_28' title="bbox 306 2795 1390 2862; baseline 0.003 -15"><span class='ocrx_word' id='word_1_222' title='bbox 306 2799 423 2860; x_wconf 79' lang='lat' dir='ltr'><strong>llds&#39;que</strong></span> <span class='ocrx_word' id='word_1_223' title='bbox 442 2795 575 2862; x_wconf 70' lang='lat' dir='ltr'><strong>praelians]</strong></span> <span class='ocrx_word' id='word_1_224' title='bbox 596 2797 641 2846; x_wconf 83' lang='lat' dir='ltr'><strong>Ad</strong></span> <span class='ocrx_word' id='word_1_225' title='bbox 657 2797 774 2853; x_wconf 79' lang='lat' dir='ltr'><strong>Plataeas,</strong></span> <span class='ocrx_word' id='word_1_226' title='bbox 786 2802 811 2844; x_wconf 90' lang='lat' dir='ltr'><strong>et</strong></span> <span class='ocrx_word' id='word_1_227' title='bbox 835 2795 948 2842; x_wconf 89' lang='lat' dir='ltr'><strong>tichides</strong></span> <span class='ocrx_word' id='word_1_228' title='bbox 972 2797 1066 2844; x_wconf 82' lang='lat' dir='ltr'><strong>Persas</strong></span> <span class='ocrx_word' id='word_1_229' title='bbox 1091 2795 1196 2846; x_wconf 87' lang='lat' dir='ltr'><strong>fortiter</strong></span> <span class='ocrx_word' id='word_1_230' title='bbox 1218 2795 1390 2852; x_wconf 76' lang='lat' dir='ltr'><strong>dimicantes</strong></span> 
     </span>
     <span class='ocr_line' id='line_1_29' title="bbox 270 2859 1392 2930; baseline -0.004 -16"><span class='ocrx_word' id='word_1_231' title='bbox 270 2867 389 2928; x_wconf 73' lang='lat' dir='ltr'><strong>Asopum</strong></span> <span class='ocrx_word' id='word_1_232' title='bbox 406 2863 525 2919; x_wconf 82' lang='lat' dir='ltr'><strong>fluvium,</strong></span> <span class='ocrx_word' id='word_1_233' title='bbox 539 2866 586 2930; x_wconf 91' lang='lat' dir='ltr'><strong>qui</strong></span> <span class='ocrx_word' id='word_1_234' title='bbox 600 2863 761 2912; x_wconf 80' lang='lat' dir='ltr'><strong>&#39;t&#39;heba&#39;r&#39;cam</strong></span> <span class='ocrx_word' id='word_1_235' title='bbox 773 2876 813 2910; x_wconf 88' lang='lat' dir='ltr'><strong>re-</strong></span> <span class='ocrx_word' id='word_1_236' title='bbox 834 2860 977 2923; x_wconf 81' lang='lat' dir='ltr'><strong>superavit,</strong></span> <span class='ocrx_word' id='word_1_237' title='bbox 993 2859 1098 2911; x_wconf 88' lang='lat' dir='ltr'><strong>Ionibus</strong></span> <span class='ocrx_word' id='word_1_238' title='bbox 1115 2863 1195 2914; x_wconf 88' lang='lat' dir='ltr'><strong>etiam</strong></span> <span class='ocrx_word' id='word_1_239' title='bbox 1210 2870 1304 2912; x_wconf 83' lang='lat' dir='ltr'><strong>contra</strong></span> <span class='ocrx_word' id='word_1_240' title='bbox 1318 2866 1392 2918; x_wconf 76' lang='lat' dir='ltr'><strong>Per.</strong></span> 
     </span>
    </p>

    <p class='ocr_par' dir='ltr' id='par_1_15' title="bbox 220 2926 1072 3000">
     <span class='ocr_line' id='line_1_30' title="bbox 220 2926 1072 3000; baseline -0.006 -19"><span class='ocrx_word' id='word_1_241' title='bbox 220 2989 221 2994; x_wconf 13' lang='lat'>¹</span> <span class='ocrx_word' id='word_1_242' title='bbox 270 2931 375 3000; x_wconf 79' lang='lat' dir='ltr'><strong>gionem</strong></span> <span class='ocrx_word' id='word_1_243' title='bbox 388 2927 404 2980; x_wconf 73' lang='grc' dir='ltr'>ὲ</span> <span class='ocrx_word' id='word_1_244' title='bbox 417 2929 650 2982; x_wconf 80' lang='lat' dir='ltr'><strong>Piatni&#39;osdiridit.</strong></span> <span class='ocrx_word' id='word_1_245' title='bbox 833 2942 876 2976; x_wconf 91' lang='lat' dir='ltr'><strong>sas</strong></span> <span class='ocrx_word' id='word_1_246' title='bbox 887 2926 1072 2992; x_wconf 76' lang='lat' dir='ltr'><strong>pugnantibus.</strong></span> 
     </span>
    </p>

    <p class='ocr_par' dir='ltr' id='par_1_16' title="bbox 266 2991 1392 3728">
     <span class='ocr_line' id='line_1_31' title="bbox 304 2991 1390 3063; baseline 0 -13"><span class='ocrx_word' id='word_1_247' title='bbox 304 2997 467 3063; x_wconf 70' lang='lat' dir='ltr'><strong>2Prqsugit]</strong></span> <span class='ocrx_word' id='word_1_248' title='bbox 480 2999 546 3046; x_wconf 76' lang='lat' dir='ltr'><strong>tium</strong></span> <span class='ocrx_word' id='word_1_249' title='bbox 557 3003 650 3046; x_wconf 84' lang='lat' dir='ltr'><strong>contra</strong></span> <span class='ocrx_word' id='word_1_250' title='bbox 659 2993 810 3043; x_wconf 82' lang='lat' dir='ltr'><strong>Pausaniam</strong></span> <span class='ocrx_word' id='word_1_251' title='bbox 868 2996 884 3043; x_wconf 87' lang='lat'><em>5</em></span> <span class='ocrx_word' id='word_1_252' title='bbox 895 2995 1063 3044; x_wconf 72' lang='lat' dir='ltr'><strong>Themrtacler</strong></span> <span class='ocrx_word' id='word_1_253' title='bbox 1069 2995 1203 3061; x_wconf 66' lang='lat' dir='ltr'><strong>princeps]</strong></span> <span class='ocrx_word' id='word_1_254' title='bbox 1213 2991 1279 3045; x_wconf 81' lang='lat' dir='ltr'><strong>Cdm</strong></span> <span class='ocrx_word' id='word_1_255' title='bbox 1292 2997 1390 3052; x_wconf 81' lang='lat' dir='ltr'><strong>Graeci</strong></span> 
     </span>
     <span class='ocr_line' id='line_1_32' title="bbox 269 3061 1392 3119; baseline -0.004 -5"><span class='ocrx_word' id='word_1_256' title='bbox 269 3063 523 3116; x_wconf 76' lang='lat' dir='ltr'><strong>Lacedaemoniorum</strong></span> <span class='ocrx_word' id='word_1_257' title='bbox 546 3062 650 3119; x_wconf 89' lang='lat' dir='ltr'><strong>ducem,</strong></span> <span class='ocrx_word' id='word_1_258' title='bbox 675 3064 810 3110; x_wconf 79' lang='lat' dir='ltr'><strong>Persarum</strong></span> <span class='ocrx_word' id='word_1_259' title='bbox 833 3076 923 3110; x_wconf 90' lang='lat' dir='ltr'><strong>omnes</strong></span> <span class='ocrx_word' id='word_1_260' title='bbox 944 3075 969 3108; x_wconf 88' lang='lat' dir='ltr'><strong>m</strong></span> <span class='ocrx_word' id='word_1_261' title='bbox 989 3061 1086 3112; x_wconf 86' lang='lat' dir='ltr'><strong>Isthmo</strong></span> <span class='ocrx_word' id='word_1_262' title='bbox 1103 3061 1137 3111; x_wconf 88' lang='lat' dir='ltr'><strong>ad</strong></span> <span class='ocrx_word' id='word_1_263' title='bbox 1154 3076 1224 3112; x_wconf 88' lang='lat' dir='ltr'><strong>aram</strong></span> <span class='ocrx_word' id='word_1_264' title='bbox 1243 3067 1392 3116; x_wconf 86' lang='lat' dir='ltr'><strong>convenis.</strong></span> 
     </span>
     <span class='ocr_line' id='line_1_33' title="bbox 269 3127 1390 3194; baseline -0.003 -12"><span class='ocrx_word' id='word_1_265' title='bbox 269 3131 420 3182; x_wconf 76' lang='lat' dir='ltr'><strong>fortissimis</strong></span> <span class='ocrx_word' id='word_1_266' title='bbox 430 3131 668 3193; x_wconf 58' lang='lat' dir='ltr'><strong>stipatumpugnat,</strong></span> <span class='ocrx_word' id='word_1_267' title='bbox 678 3127 811 3186; x_wconf 83' lang='lat' dir='ltr'><strong>occubuit,</strong></span> <span class='ocrx_word' id='word_1_268' title='bbox 834 3135 902 3185; x_wconf 90' lang='lat' dir='ltr'><strong>sent,</strong></span> <span class='ocrx_word' id='word_1_269' title='bbox 918 3127 1098 3194; x_wconf 88' lang='lat' dir='ltr'><strong>unusquisque</strong></span> <span class='ocrx_word' id='word_1_270' title='bbox 1113 3129 1227 3193; x_wconf 87' lang='lat' dir='ltr'><strong>primum</strong></span> <span class='ocrx_word' id='word_1_271' title='bbox 1243 3129 1390 3184; x_wconf 77' lang='lat' dir='ltr'><strong>calculum</strong></span> 
     </span>
     <span class='ocr_line' id='line_1_34' title="bbox 269 3193 1390 3258; baseline 0.003 -12"><span class='ocrx_word' id='word_1_272' title='bbox 269 3216 304 3247; x_wconf 81' lang='lat' dir='ltr'><strong>ax</strong></span> <span class='ocrx_word' id='word_1_273' title='bbox 318 3200 402 3248; x_wconf 80' lang='lat' dir='ltr'><strong>Herod</strong></span> <span class='ocrx_word' id='word_1_274' title='bbox 410 3206 434 3246; x_wconf 86' lang='lat' dir='ltr'><strong>et</strong></span> <span class='ocrx_word' id='word_1_275' title='bbox 446 3197 547 3246; x_wconf 75' lang='lat' dir='ltr'><strong>Diodm.</strong></span> <span class='ocrx_word' id='word_1_276' title='bbox 581 3197 667 3250; x_wconf 86' lang='lat' dir='ltr'><strong>Quare</strong></span> <span class='ocrx_word' id='word_1_277' title='bbox 685 3210 736 3244; x_wconf 90' lang='lat' dir='ltr'><strong>non</strong></span> <span class='ocrx_word' id='word_1_278' title='bbox 754 3195 811 3258; x_wconf 85' lang='lat' dir='ltr'><strong>ipse</strong></span> <span class='ocrx_word' id='word_1_279' title='bbox 833 3193 947 3244; x_wconf 85' lang='lat' dir='ltr'><strong>servavit</strong></span> <span class='ocrx_word' id='word_1_280' title='bbox 976 3193 1036 3255; x_wconf 86' lang='lat' dir='ltr'><strong>sibi,</strong></span> <span class='ocrx_word' id='word_1_281' title='bbox 1060 3195 1172 3246; x_wconf 84' lang='lat' dir='ltr'><strong>aiterum</strong></span> <span class='ocrx_word' id='word_1_282' title='bbox 1200 3195 1390 3252; x_wconf 83' lang='lat' dir='ltr'><strong>Themistocli</strong></span> 
     </span>
     <span class='ocr_line' id='line_1_35' title="bbox 267 3259 1390 3376; baseline -0.006 -61"><span class='ocrx_word' id='word_1_283' title='bbox 267 3266 347 3330; x_wconf 73' lang='lat' dir='ltr'><strong>fugit,</strong></span> <span class='ocrx_word' id='word_1_284' title='bbox 367 3263 415 3316; x_wconf 84' lang='lat' dir='ltr'><strong>sed</strong></span> <span class='ocrx_word' id='word_1_285' title='bbox 436 3262 543 3376; x_wconf 52' lang='lat' dir='ltr'><strong>religare</strong></span> <span class='ocrx_word' id='word_1_286' title='bbox 562 3263 700 3312; x_wconf 85' lang='lat' dir='ltr'><strong>Persarum</strong></span> <span class='ocrx_word' id='word_1_287' title='bbox 721 3263 811 3325; x_wconf 75' lang='lat' dir='ltr'><strong>copia,</strong></span> <span class='ocrx_word' id='word_1_288' title='bbox 833 3261 941 3312; x_wconf 85' lang='lat' dir='ltr'><strong>tribuit:</strong></span> <span class='ocrx_word' id='word_1_289' title='bbox 962 3275 1075 3326; x_wconf 89' lang='lat' dir='ltr'><strong>cumque</strong></span> <span class='ocrx_word' id='word_1_290' title='bbox 1087 3259 1167 3326; x_wconf 78' lang='lat' dir='ltr'><strong>panici</strong></span> <span class='ocrx_word' id='word_1_291' title='bbox 1179 3259 1285 3326; x_wconf 82' lang='lat' dir='ltr'><strong>pdstad</strong></span> <span class='ocrx_word' id='word_1_292' title='bbox 1297 3265 1390 3316; x_wconf 82' lang='lat' dir='ltr'><strong>Lace.</strong></span> 
     </span>
     <span class='ocr_line' id='line_1_36' title="bbox 268 3326 1390 3394; baseline 0.005 -16"><span class='ocrx_word' id='word_1_293' title='bbox 268 3345 379 3394; x_wconf 87' lang='lat' dir='ltr'><strong>quarum</strong></span> <span class='ocrx_word' id='word_1_294' title='bbox 393 3329 481 3392; x_wconf 85' lang='lat' dir='ltr'><strong>parad</strong></span> <span class='ocrx_word' id='word_1_295' title='bbox 502 3343 532 3376; x_wconf 90' lang='lat' dir='ltr'><strong>ce</strong></span> <span class='ocrx_word' id='word_1_296' title='bbox 545 3326 674 3376; x_wconf 78' lang='lat' dir='ltr'><strong>Artabano</strong></span> <span class='ocrx_word' id='word_1_297' title='bbox 686 3327 711 3376; x_wconf 92' lang='lat' dir='ltr'><strong>in</strong></span> <span class='ocrx_word' id='word_1_298' title='bbox 725 3331 800 3376; x_wconf 87' lang='lat' dir='ltr'><strong>Mace</strong></span> <span class='ocrx_word' id='word_1_299' title='bbox 834 3327 972 3378; x_wconf 85' lang='lat' dir='ltr'><strong>daemonius</strong></span> <span class='ocrx_word' id='word_1_300' title='bbox 992 3329 1095 3394; x_wconf 84' lang='lat' dir='ltr'><strong>legatus</strong></span> <span class='ocrx_word' id='word_1_301' title='bbox 1126 3327 1204 3378; x_wconf 86' lang='lat' dir='ltr'><strong>ludos</strong></span> <span class='ocrx_word' id='word_1_302' title='bbox 1225 3326 1390 3394; x_wconf 78' lang='lat' dir='ltr'><strong>Olympicus</strong></span> 
     </span>
     <span class='ocr_line' id='line_1_37' title="bbox 267 3391 1386 3458; baseline 0.004 -13"><span class='ocrx_word' id='word_1_303' title='bbox 267 3395 381 3454; x_wconf 88' lang='lat' dir='ltr'><strong>doniam,</strong></span> <span class='ocrx_word' id='word_1_304' title='bbox 394 3409 456 3458; x_wconf 85' lang='lat' dir='ltr'><strong>pars</strong></span> <span class='ocrx_word' id='word_1_305' title='bbox 473 3391 578 3444; x_wconf 81' lang='lat' dir='ltr'><strong>Thebas</strong></span> <span class='ocrx_word' id='word_1_306' title='bbox 590 3411 618 3445; x_wconf 89' lang='lat' dir='ltr'><strong>se</strong></span> <span class='ocrx_word' id='word_1_307' title='bbox 630 3395 740 3458; x_wconf 84' lang='lat' dir='ltr'><strong>recepit,</strong></span> <span class='ocrx_word' id='word_1_308' title='bbox 749 3409 809 3458; x_wconf 85' lang='lat' dir='ltr'><strong>pars</strong></span> <span class='ocrx_word' id='word_1_309' title='bbox 834 3395 960 3444; x_wconf 79' lang='lat' dir='ltr'><strong>inviseret</strong></span> <span class='ocrx_word' id='word_1_310' title='bbox 978 3395 1180 3455; x_wconf 82' lang='lat' dir='ltr'><strong>Themistocles,</strong></span> <span class='ocrx_word' id='word_1_311' title='bbox 1200 3409 1290 3446; x_wconf 88' lang='lat' dir='ltr'><strong>ornnes</strong></span> <span class='ocrx_word' id='word_1_312' title='bbox 1304 3393 1386 3450; x_wconf 80' lang='lat' dir='ltr'><strong>ludis</strong></span> 
     </span>
     <span class='ocr_line' id='line_1_38' title="bbox 268 3459 1388 3526; baseline -0.004 -14"><span class='ocrx_word' id='word_1_313' title='bbox 268 3460 413 3512; x_wconf 87' lang='lat' dir='ltr'><strong>seinclusit</strong></span> <span class='ocrx_word' id='word_1_314' title='bbox 429 3461 562 3511; x_wconf 85' lang='lat' dir='ltr'><strong>incastris</strong></span> <span class='ocrx_word' id='word_1_315' title='bbox 575 3475 649 3512; x_wconf 89' lang='lat' dir='ltr'><strong>muro</strong></span> <span class='ocrx_word' id='word_1_316' title='bbox 662 3461 749 3526; x_wconf 76' lang='lat' dir='ltr'><strong>ligneo</strong></span> <span class='ocrx_word' id='word_1_317' title='bbox 761 3461 811 3510; x_wconf 85' lang='lat' dir='ltr'><strong>cir·</strong></span> <span class='ocrx_word' id='word_1_318' title='bbox 833 3461 943 3521; x_wconf 78' lang='lat' dir='ltr'><strong>relictis,</strong></span> <span class='ocrx_word' id='word_1_319' title='bbox 956 3459 988 3510; x_wconf 93' lang='lat' dir='ltr'><strong>ad</strong></span> <span class='ocrx_word' id='word_1_320' title='bbox 1005 3476 1064 3511; x_wconf 92' lang='lat' dir='ltr'><strong>eum</strong></span> <span class='ocrx_word' id='word_1_321' title='bbox 1075 3461 1217 3514; x_wconf 86' lang='lat' dir='ltr'><strong>videndum</strong></span> <span class='ocrx_word' id='word_1_322' title='bbox 1230 3475 1258 3512; x_wconf 85' lang='lat' dir='ltr'><strong>se</strong></span> <span class='ocrx_word' id='word_1_323' title='bbox 1270 3476 1388 3514; x_wconf 78' lang='lat' dir='ltr'><strong>conver.</strong></span> 
     </span>
     <span class='ocr_line' id='line_1_39' title="bbox 266 3527 1388 3594; baseline 0.002 -16"><span class='ocrx_word' id='word_1_324' title='bbox 266 3527 413 3584; x_wconf 84' lang='lat' dir='ltr'><strong>cumdatia;</strong></span> <span class='ocrx_word' id='word_1_325' title='bbox 425 3527 520 3592; x_wconf 90' lang='lat' dir='ltr'><strong>quibus</strong></span> <span class='ocrx_word' id='word_1_326' title='bbox 531 3527 659 3578; x_wconf 87' lang='lat' dir='ltr'><strong>tamenab</strong></span> <span class='ocrx_word' id='word_1_327' title='bbox 670 3527 810 3578; x_wconf 85' lang='lat' dir='ltr'><strong>Athenien·</strong></span> <span class='ocrx_word' id='word_1_328' title='bbox 833 3535 936 3584; x_wconf 84' lang='lat' dir='ltr'><strong>terunt;</strong></span> <span class='ocrx_word' id='word_1_329' title='bbox 948 3527 996 3576; x_wconf 87' lang='lat' dir='ltr'><strong>sed</strong></span> <span class='ocrx_word' id='word_1_330' title='bbox 1005 3529 1046 3578; x_wconf 81' lang='lat' dir='ltr'><strong>vir</strong></span> <span class='ocrx_word' id='word_1_331' title='bbox 1054 3536 1152 3590; x_wconf 68' lang='lat' dir='ltr'><strong>tantus,</strong></span> <span class='ocrx_word' id='word_1_332' title='bbox 1162 3527 1209 3594; x_wconf 92' lang='lat' dir='ltr'><strong>qui</strong></span> <span class='ocrx_word' id='word_1_333' title='bbox 1220 3527 1310 3592; x_wconf 84' lang='lat' dir='ltr'><strong>patriar</strong></span> <span class='ocrx_word' id='word_1_334' title='bbox 1323 3545 1388 3584; x_wconf 79' lang='lat' dir='ltr'><strong>suae</strong></span> 
     </span>
     <span class='ocr_line' id='line_1_40' title="bbox 266 3591 1388 3660; baseline -0.003 -15"><span class='ocrx_word' id='word_1_335' title='bbox 266 3595 342 3645; x_wconf 87' lang='lat' dir='ltr'><strong>sibus</strong></span> <span class='ocrx_word' id='word_1_336' title='bbox 361 3599 391 3643; x_wconf 89' lang='lat' dir='ltr'><strong>et</strong></span> <span class='ocrx_word' id='word_1_337' title='bbox 411 3593 614 3644; x_wconf 78' lang='lat' dir='ltr'><strong>Lacedaemoniis</strong></span> <span class='ocrx_word' id='word_1_338' title='bbox 642 3595 811 3659; x_wconf 80' lang='lat' dir='ltr'><strong>expugnatis,</strong></span> <span class='ocrx_word' id='word_1_339' title='bbox 832 3595 910 3644; x_wconf 87' lang='lat' dir='ltr'><strong>saluti</strong></span> <span class='ocrx_word' id='word_1_340' title='bbox 923 3591 1017 3653; x_wconf 85' lang='lat' dir='ltr'><strong>fuerat,</strong></span> <span class='ocrx_word' id='word_1_341' title='bbox 1036 3595 1137 3644; x_wconf 87' lang='lat' dir='ltr'><strong>civibus</strong></span> <span class='ocrx_word' id='word_1_342' title='bbox 1155 3595 1188 3642; x_wconf 90' lang='lat' dir='ltr'><strong>ob</strong></span> <span class='ocrx_word' id='word_1_343' title='bbox 1206 3593 1311 3644; x_wconf 81' lang='lat' dir='ltr'><strong>nimiam</strong></span> <span class='ocrx_word' id='word_1_344' title='bbox 1332 3611 1388 3660; x_wconf 84' lang='lat' dir='ltr'><strong>po.</strong></span> 
     </span>
     <span class='ocr_line' id='line_1_41' title="bbox 267 3659 1386 3728; baseline 0.002 -16"><span class='ocrx_word' id='word_1_345' title='bbox 267 3659 584 3724; x_wconf 81' lang='lat' dir='ltr'><strong>omnesadunumoccjsi</strong></span> <span class='ocrx_word' id='word_1_346' title='bbox 600 3671 666 3709; x_wconf 83' lang='lat' dir='ltr'><strong>sum.</strong></span> <span class='ocrx_word' id='word_1_347' title='bbox 700 3663 777 3712; x_wconf 76' lang='lat' dir='ltr'><strong>Diod.</strong></span> <span class='ocrx_word' id='word_1_348' title='bbox 832 3663 939 3711; x_wconf 87' lang='lat' dir='ltr'><strong>tentiam</strong></span> <span class='ocrx_word' id='word_1_349' title='bbox 970 3665 1120 3724; x_wconf 82' lang='lat' dir='ltr'><strong>suspectus,</strong></span> <span class='ocrx_word' id='word_1_350' title='bbox 1141 3659 1255 3726; x_wconf 75' lang='lat' dir='ltr'><strong>primum</strong></span> <span class='ocrx_word' id='word_1_351' title='bbox 1277 3663 1386 3728; x_wconf 82' lang='lat' dir='ltr'><strong>Argos,</strong></span> 
     </span>
    </p>

    <p class='ocr_par' dir='ltr' id='par_1_17' title="bbox 265 3724 1387 4394">
     <span class='ocr_line' id='line_1_42' title="bbox 301 3724 1386 3795; baseline 0.003 -18"><span class='ocrx_word' id='word_1_352' title='bbox 301 3728 317 3776; x_wconf 82' lang='grc'><strong><em>3</em></strong></span> <span class='ocrx_word' id='word_1_353' title='bbox 329 3729 418 3777; x_wconf 79' lang='lat' dir='ltr'><strong>Castra</strong></span> <span class='ocrx_word' id='word_1_354' title='bbox 428 3724 547 3790; x_wconf 68' lang='lat' dir='ltr'><strong>referta]</strong></span> <span class='ocrx_word' id='word_1_355' title='bbox 562 3731 622 3776; x_wconf 84' lang='lat' dir='ltr'><strong>Haec</strong></span> <span class='ocrx_word' id='word_1_356' title='bbox 631 3726 751 3791; x_wconf 86' lang='lat' dir='ltr'><strong>pluribus</strong></span> <span class='ocrx_word' id='word_1_357' title='bbox 759 3731 810 3778; x_wconf 82' lang='lat' dir='ltr'><strong>He·</strong></span> <span class='ocrx_word' id='word_1_358' title='bbox 832 3739 885 3777; x_wconf 89' lang='lat' dir='ltr'><strong>turn</strong></span> <span class='ocrx_word' id='word_1_359' title='bbox 896 3727 931 3776; x_wconf 88' lang='lat' dir='ltr'><strong>ad</strong></span> <span class='ocrx_word' id='word_1_360' title='bbox 942 3740 1030 3778; x_wconf 88' lang='lat' dir='ltr'><strong>necem</strong></span> <span class='ocrx_word' id='word_1_361' title='bbox 1041 3728 1178 3793; x_wconf 80' lang='lat' dir='ltr'><strong>qrrasitus,</strong></span> <span class='ocrx_word' id='word_1_362' title='bbox 1191 3731 1215 3776; x_wconf 89' lang='lat' dir='ltr'><strong>in</strong></span> <span class='ocrx_word' id='word_1_363' title='bbox 1224 3731 1386 3795; x_wconf 84' lang='lat' dir='ltr'><strong>Corcyram,</strong></span> 
     </span>
     <span class='ocr_line' id='line_1_43' title="bbox 266 3791 1387 3860; baseline -0.004 -15"><span class='ocrx_word' id='word_1_364' title='bbox 266 3793 352 3845; x_wconf 90' lang='lat' dir='ltr'><strong>rodot.</strong></span> <span class='ocrx_word' id='word_1_365' title='bbox 387 3795 535 3856; x_wconf 86' lang='lat' dir='ltr'><strong>Pausanias,</strong></span> <span class='ocrx_word' id='word_1_366' title='bbox 550 3795 641 3860; x_wconf 87' lang='lat' dir='ltr'><strong>coquis</strong></span> <span class='ocrx_word' id='word_1_367' title='bbox 660 3802 687 3845; x_wconf 91' lang='lat' dir='ltr'><strong>et</strong></span> <span class='ocrx_word' id='word_1_368' title='bbox 705 3795 810 3858; x_wconf 85' lang='lat' dir='ltr'><strong>pistori·</strong></span> <span class='ocrx_word' id='word_1_369' title='bbox 831 3791 927 3844; x_wconf 73' lang='lat' dir='ltr'><strong>deinde</strong></span> <span class='ocrx_word' id='word_1_370' title='bbox 941 3793 966 3843; x_wconf 91' lang='lat' dir='ltr'><strong>in</strong></span> <span class='ocrx_word' id='word_1_371' title='bbox 979 3794 1099 3858; x_wconf 78' lang='lat' dir='ltr'><strong>Epirum,</strong></span> <span class='ocrx_word' id='word_1_372' title='bbox 1108 3802 1168 3859; x_wconf 87' lang='lat' dir='ltr'><strong>post</strong></span> <span class='ocrx_word' id='word_1_373' title='bbox 1181 3794 1207 3843; x_wconf 91' lang='lat' dir='ltr'><strong>in</strong></span> <span class='ocrx_word' id='word_1_374' title='bbox 1219 3797 1320 3856; x_wconf 82' lang='lat' dir='ltr'><strong>Asiam,</strong></span> <span class='ocrx_word' id='word_1_375' title='bbox 1331 3796 1387 3848; x_wconf 89' lang='lat' dir='ltr'><strong>de.</strong></span> 
     </span>
     <span class='ocr_line' id='line_1_44' title="bbox 266 3859 1386 3928; baseline 0 -16"><span class='ocrx_word' id='word_1_376' title='bbox 266 3863 316 3912; x_wconf 88' lang='lat' dir='ltr'><strong>bus</strong></span> <span class='ocrx_word' id='word_1_377' title='bbox 330 3861 417 3910; x_wconf 87' lang='lat' dir='ltr'><strong>Persis</strong></span> <span class='ocrx_word' id='word_1_378' title='bbox 432 3859 524 3926; x_wconf 86' lang='lat' dir='ltr'><strong>jussit,</strong></span> <span class='ocrx_word' id='word_1_379' title='bbox 537 3871 565 3909; x_wconf 89' lang='lat' dir='ltr'><strong>nt</strong></span> <span class='ocrx_word' id='word_1_380' title='bbox 579 3875 675 3910; x_wconf 84' lang='lat' dir='ltr'><strong>coenam</strong></span> <span class='ocrx_word' id='word_1_381' title='bbox 695 3862 757 3920; x_wconf 88' lang='lat' dir='ltr'><strong>sibi,</strong></span> <span class='ocrx_word' id='word_1_382' title='bbox 770 3863 807 3910; x_wconf 86' lang='lat' dir='ltr'><strong>uti</strong></span> <span class='ocrx_word' id='word_1_383' title='bbox 832 3863 909 3928; x_wconf 88' lang='lat' dir='ltr'><strong>nique</strong></span> <span class='ocrx_word' id='word_1_384' title='bbox 921 3861 955 3910; x_wconf 89' lang='lat' dir='ltr'><strong>ad</strong></span> <span class='ocrx_word' id='word_1_385' title='bbox 968 3864 1066 3924; x_wconf 77' lang='lat' dir='ltr'><strong>Regem</strong></span> <span class='ocrx_word' id='word_1_386' title='bbox 1080 3863 1253 3911; x_wconf 77' lang='lat' dir='ltr'><strong>Artaxerxem</strong></span> <span class='ocrx_word' id='word_1_387' title='bbox 1266 3859 1386 3928; x_wconf 50' lang='lat' dir='ltr'><strong>fugin&amp;</strong></span> 
     </span>
     <span class='ocr_line' id='line_1_45' title="bbox 267 3925 1385 3994; baseline 0.001 -15"><span class='ocrx_word' id='word_1_388' title='bbox 267 3930 381 3979; x_wconf 88' lang='lat' dir='ltr'><strong>solerent</strong></span> <span class='ocrx_word' id='word_1_389' title='bbox 394 3925 722 3986; x_wconf 70' lang='lat' dir='ltr'><strong>Mauionimiustruerent:</strong></span> <span class='ocrx_word' id='word_1_390' title='bbox 734 3926 808 3993; x_wconf 83' lang='lat' dir='ltr'><strong>qudd</strong></span> <span class='ocrx_word' id='word_1_391' title='bbox 831 3943 884 3992; x_wconf 89' lang='lat' dir='ltr'><strong>qno</strong></span> <span class='ocrx_word' id='word_1_392' title='bbox 896 3926 1007 3994; x_wconf 76' lang='lat' dir='ltr'><strong>benigue</strong></span> <span class='ocrx_word' id='word_1_393' title='bbox 1024 3927 1138 3986; x_wconf 86' lang='lat' dir='ltr'><strong>habitus,</strong></span> <span class='ocrx_word' id='word_1_394' title='bbox 1150 3930 1288 3978; x_wconf 89' lang='lat' dir='ltr'><strong>Persarum</strong></span> <span class='ocrx_word' id='word_1_395' title='bbox 1301 3945 1385 3984; x_wconf 87' lang='lat' dir='ltr'><strong>exer-</strong></span> 
     </span>
     <span class='ocr_line' id='line_1_46' title="bbox 265 3991 1385 4058; baseline -0.002 -12"><span class='ocrx_word' id='word_1_396' title='bbox 265 3995 327 4046; x_wconf 83' lang='lat' dir='ltr'><strong>edm</strong></span> <span class='ocrx_word' id='word_1_397' title='bbox 340 3994 378 4044; x_wconf 86' lang='lat' dir='ltr'><strong>rlli</strong></span> <span class='ocrx_word' id='word_1_398' title='bbox 390 3991 526 4047; x_wconf 77' lang='lat' dir='ltr'><strong>fecissent,</strong></span> <span class='ocrx_word' id='word_1_399' title='bbox 541 3993 596 4056; x_wconf 88' lang='lat' dir='ltr'><strong>ipse</strong></span> <span class='ocrx_word' id='word_1_400' title='bbox 609 4009 702 4043; x_wconf 85' lang='lat' dir='ltr'><strong>aureos</strong></span> <span class='ocrx_word' id='word_1_401' title='bbox 716 3995 808 4051; x_wconf 83' lang='lat' dir='ltr'><strong>tectos.</strong></span> <span class='ocrx_word' id='word_1_402' title='bbox 830 3995 896 4042; x_wconf 80' lang='lat' dir='ltr'><strong>citui</strong></span> <span class='ocrx_word' id='word_1_403' title='bbox 910 3993 1067 4058; x_wconf 62' lang='lat' dir='ltr'><strong>praefinitum</strong></span> <span class='ocrx_word' id='word_1_404' title='bbox 1082 3995 1173 4046; x_wconf 91' lang='lat' dir='ltr'><strong>sedne</strong></span> <span class='ocrx_word' id='word_1_405' title='bbox 1187 3995 1283 4044; x_wconf 86' lang='lat' dir='ltr'><strong>bellurn</strong></span> <span class='ocrx_word' id='word_1_406' title='bbox 1298 3995 1385 4048; x_wconf 89' lang='lat' dir='ltr'><strong>inter.</strong></span> 
     </span>
     <span class='ocr_line' id='line_1_47' title="bbox 266 4058 1385 4124; baseline -0.002 -13"><span class='ocrx_word' id='word_1_407' title='bbox 266 4077 370 4110; x_wconf 83' lang='lat' dir='ltr'><strong>mensas</strong></span> <span class='ocrx_word' id='word_1_408' title='bbox 383 4075 482 4120; x_wconf 85' lang='lat' dir='ltr'><strong>aureas,</strong></span> <span class='ocrx_word' id='word_1_409' title='bbox 496 4058 716 4124; x_wconf 78' lang='lat' dir='ltr'><strong>magnificumque</strong></span> <span class='ocrx_word' id='word_1_410' title='bbox 733 4075 808 4110; x_wconf 84' lang='lat' dir='ltr'><strong>coenae</strong></span> <span class='ocrx_word' id='word_1_411' title='bbox 831 4059 911 4109; x_wconf 83' lang='lat' dir='ltr'><strong>t&#39;erret</strong></span> <span class='ocrx_word' id='word_1_412' title='bbox 930 4063 1027 4124; x_wconf 79' lang='lat' dir='ltr'><strong>patrie,</strong></span> <span class='ocrx_word' id='word_1_413' title='bbox 1042 4068 1118 4122; x_wconf 85' lang='lat' dir='ltr'><strong>epoto</strong></span> <span class='ocrx_word' id='word_1_414' title='bbox 1135 4063 1180 4111; x_wconf 61' lang='lat' dir='ltr'><strong>‘rel</strong></span> <span class='ocrx_word' id='word_1_415' title='bbox 1197 4062 1300 4110; x_wconf 81' lang='lat' dir='ltr'><strong>tarrrino</strong></span> <span class='ocrx_word' id='word_1_416' title='bbox 1320 4079 1385 4115; x_wconf 91' lang='lat' dir='ltr'><strong>san.</strong></span> 
     </span>
     <span class='ocr_line' id='line_1_48' title="bbox 266 4125 1385 4194; baseline 0.004 -18"><span class='ocrx_word' id='word_1_417' title='bbox 266 4138 420 4192; x_wconf 85' lang='lat' dir='ltr'><strong>apparatum</strong></span> <span class='ocrx_word' id='word_1_418' title='bbox 436 4125 689 4183; x_wconf 71' lang='lat' dir='ltr'><strong>miratus‚minia*ris</strong></span> <span class='ocrx_word' id='word_1_419' title='bbox 701 4127 808 4190; x_wconf 83' lang='lat' dir='ltr'><strong>impera·</strong></span> <span class='ocrx_word' id='word_1_420' title='bbox 830 4127 916 4190; x_wconf 60' lang='lat' dir='ltr'><strong>¹suine,</strong></span> <span class='ocrx_word' id='word_1_421' title='bbox 931 4136 961 4178; x_wconf 86' lang='lat' dir='ltr'><strong>ut</strong></span> <span class='ocrx_word' id='word_1_422' title='bbox 979 4129 1033 4176; x_wconf 66' lang='lat' dir='ltr'><strong>mult</strong></span> <span class='ocrx_word' id='word_1_423' title='bbox 1051 4126 1192 4187; x_wconf 88' lang='lat' dir='ltr'><strong>Diodorus,</strong></span> <span class='ocrx_word' id='word_1_424' title='bbox 1204 4136 1250 4176; x_wconf 87' lang='lat' dir='ltr'><strong>ant</strong></span> <span class='ocrx_word' id='word_1_425' title='bbox 1266 4143 1385 4194; x_wconf 81' lang='lat' dir='ltr'><strong>veneno,</strong></span> 
     </span>
     <span class='ocr_line' id='line_1_49' title="bbox 266 4193 1384 4258; baseline -0.001 -15"><span class='ocrx_word' id='word_1_426' title='bbox 266 4193 306 4243; x_wconf 88' lang='lat' dir='ltr'><strong>vit</strong></span> <span class='ocrx_word' id='word_1_427' title='bbox 322 4197 386 4256; x_wconf 88' lang='lat' dir='ltr'><strong>suis,</strong></span> <span class='ocrx_word' id='word_1_428' title='bbox 403 4199 433 4243; x_wconf 91' lang='lat' dir='ltr'><strong>ut</strong></span> <span class='ocrx_word' id='word_1_429' title='bbox 451 4195 604 4241; x_wconf 81' lang='lat' dir='ltr'><strong>Laconicam</strong></span> <span class='ocrx_word' id='word_1_430' title='bbox 623 4203 745 4254; x_wconf 83' lang='lat' dir='ltr'><strong>pararent</strong></span> <span class='ocrx_word' id='word_1_431' title='bbox 760 4209 806 4242; x_wconf 38' lang='lat' dir='ltr'><strong>coev</strong></span> <span class='ocrx_word' id='word_1_432' title='bbox 831 4205 857 4242; x_wconf 88' lang='lat' dir='ltr'><strong>ut</strong></span> <span class='ocrx_word' id='word_1_433' title='bbox 870 4197 968 4243; x_wconf 78' lang='lat' dir='ltr'><strong>mavult</strong></span> <span class='ocrx_word' id='word_1_434' title='bbox 980 4193 1139 4251; x_wconf 82' lang='lat' dir='ltr'><strong>Herodotus,</strong></span> <span class='ocrx_word' id='word_1_435' title='bbox 1149 4210 1195 4243; x_wconf 88' lang='lat' dir='ltr'><strong>seu</strong></span> <span class='ocrx_word' id='word_1_436' title='bbox 1208 4193 1296 4258; x_wconf 86' lang='lat' dir='ltr'><strong>potius</strong></span> <span class='ocrx_word' id='word_1_437' title='bbox 1309 4211 1384 4248; x_wconf 86' lang='lat' dir='ltr'><strong>mor.</strong></span> 
     </span>
     <span class='ocr_line' id='line_1_50' title="bbox 266 4259 1382 4327; baseline 0.006 -19"><span class='ocrx_word' id='word_1_438' title='bbox 266 4273 339 4317; x_wconf 83' lang='lat' dir='ltr'><strong>nam;</strong></span> <span class='ocrx_word' id='word_1_439' title='bbox 358 4259 559 4324; x_wconf 84' lang='lat' dir='ltr'><strong>convocatisque</strong></span> <span class='ocrx_word' id='word_1_440' title='bbox 569 4260 718 4310; x_wconf 80' lang='lat' dir='ltr'><strong>Graecorum</strong></span> <span class='ocrx_word' id='word_1_441' title='bbox 733 4259 807 4308; x_wconf 79' lang='lat' dir='ltr'><strong>duci-</strong></span> <span class='ocrx_word' id='word_1_442' title='bbox 830 4260 960 4323; x_wconf 86' lang='lat' dir='ltr'><strong>bo‚annos</strong></span> <span class='ocrx_word' id='word_1_443' title='bbox 976 4267 1054 4312; x_wconf 85' lang='lat' dir='ltr'><strong>natus</strong></span> <span class='ocrx_word' id='word_1_444' title='bbox 1064 4261 1105 4312; x_wconf 83' lang='grc'><strong>65.</strong></span> <span class='ocrx_word' id='word_1_445' title='bbox 1140 4259 1283 4327; x_wconf 71' lang='lat' dir='ltr'><strong>Magnesiae</strong></span> <span class='ocrx_word' id='word_1_446' title='bbox 1300 4263 1382 4320; x_wconf 85' lang='lat' dir='ltr'><strong>obiit.</strong></span> 
     </span>
     <span class='ocr_line' id='line_1_51' title="bbox 265 4325 805 4394; baseline 0.004 -18"><span class='ocrx_word' id='word_1_447' title='bbox 265 4326 325 4383; x_wconf 78' lang='lat' dir='ltr'><strong>bus,</strong></span> <span class='ocrx_word' id='word_1_448' title='bbox 350 4329 440 4390; x_wconf 78' lang='lat' dir='ltr'><strong>Videte,</strong></span> <span class='ocrx_word' id='word_1_449' title='bbox 458 4325 550 4394; x_wconf 85' lang='lat' dir='ltr'><strong>iuquit,</strong></span> <span class='ocrx_word' id='word_1_450' title='bbox 568 4329 696 4378; x_wconf 70' lang='lat' dir='ltr'><strong>amandam</strong></span> <span class='ocrx_word' id='word_1_451' title='bbox 717 4328 805 4378; x_wconf 83' lang='lat' dir='ltr'><strong>Meda·</strong></span> 
     </span>
    </p>
   </div>
   <div class='ocr_carea' id='block_1_8' title="bbox 0 0 1466 4918">
    <p class='ocr_par' dir='ltr' id='par_1_18' title="bbox 0 0 1466 4918">
     <span class='ocr_line' id='line_1_52' title="bbox 0 0 1466 4918; baseline 0 1"><span class='ocrx_word' id='word_1_452' title='bbox 0 0 1466 4918; x_wconf 95' lang='lat' dir='ltr'><strong> </strong></span> 
     </span>
    </p>
   </div>
  </div>
 </body>
</html>
