2894 4920
396 301 564 368 truxr.
601 259 711 368 ‘cna
729 301 787 368 rx.

49 475 249 563 periculosius
265 473 388 540 differre
410 474 527 540 bellum
551 491 647 558 ratus,
660 497 700 539 ne
714 473 889 560 desperatio
906 475 971 544 suis
988 479 1150 558 cresceret,

48 561 272 626 circumvectus
293 582 377 639 suos,
391 562 529 646 singulas
551 577 659 646 gentes
673 563 797 626 diversi
811 562 949 624 oratione
964 562 1148 642 alloquitur:

49 647 172 729 Illyrios
191 663 223 710 et
237 645 373 710 Thracas
389 653 496 732 opum,
513 667 549 710 ac
569 647 751 710 divitiarum
773 646 995 721 ostentatione:
1019 645 1151 734 Graecos

47 747 186 796 veterum
202 734 353 795 bellorum
368 734 536 811 memorii,
546 733 794 816 'internecivique
809 754 881 796 cum
899 733 1004 796 Persis
1017 733 1083 800 odii
1101 755 1151 798 ac·

48 819 213 881 tendehat:
232 819 427 882 Macedones
442 825 545 882 autem
560 840 642 882 nunc
655 819 889 902 Europaevictae
905 820 1153 898 admonet‚nunc

48 903 134 965 Asiae
148 904 308 987 expetita:
330 925 389 967 nec
404 905 545 966 inventos
560 905 621 966 illis
643 919 710 967 toto
733 907 808 967 orbe
826 925 916 986 pares
929 903 1015 968 viros
1041 909 1153 988 gloria·

47 1003 107 1050 tur.
151 989 308 1052 Caeterum
324 1004 356 1050 et
365 989 506 1051 laborum
519 989 613 1056 finem
625 989 719 1067 bunc,
734 1005 765 1050 et
781 988 885 1072 gloriae
899 993 1058 1054 cumulum
1074 990 1153 1056 sore.

47 1073 154 1157 Atque
166 1077 248 1137 inter
262 1073 330 1137 haec
342 1075 516 1136 identidem
528 1074 696 1136 consistere
711 1073 810 1136 aciem
820 1075 923 1160 jubet,
937 1085 987 1140 ²ut
998 1077 1053 1140 hac
1068 1076 1156 1148 mori,

47 1175 250 1223 consuescant
264 1158 364 1221 oeulis
378 1161 501 1222 turbam
517 1159 655 1222 hostium
670 1159 833 1222 sustinere.
858 1161 929 1224 Nec
946 1159 1036 1224 Darii
1050 1164 1155 1246 segnis

47 1266 139 1327 opera
155 1247 187 1308 in
200 1247 373 1308 ordinanda
389 1245 454 1307 acie
470 1243 585 1309 deluit.
623 1243 750 1330 Quippe
765 1245 890 1310 omissis
906 1247 1024 1312 ducum
1035 1249 1156 1327 officiis,

46 1330 109 1413 ipse
124 1331 232 1394 omnia
246 1321 424 1408 circumire,
439 1331 578 1414 singulos
594 1329 722 1410 hortari,
735 1332 850 1395 veteris
866 1334 970 1415 gloriae
987 1335 1155 1400 Pensatum

46 1415 233 1501 imperiique
249 1432 405 1500 perpetuae
421 1413 439 1478 i
456 1417 518 1479 diis
536 1417 763 1480 immortalibus
779 1417 858 1482 datae
881 1420 1084 1502 possessionis
1099 1423 1154 1484 ad·
1175 1455 1178 1467 ·

45 1522 181 1566 monere.
207 1503 283 1565 Post
297 1502 365 1568 haec
379 1503 518 1585 pralium
535 1502 712 1586 ingentibus
727 1503 839 1566 animis
855 1503 1084 1570 ¹committitur.
1116 1508 1156 1572 In

46 1609 83 1651 eo
104 1604 237 1670 uterque
263 1608 321 1650 rex
344 1590 548 1650 ²rulneratur.
592 1587 732 1652 Tamdiu
758 1605 915 1652 certamen
945 1613 1057 1674 anceps
1084 1592 1157 1672 fuit,

45 1674 163 1756 ³quoad
185 1673 310 1755 fugeret
333 1673 461 1734 Darius.
506 1671 631 1736 Exinde
653 1675 754 1735 caedes
781 1674 950 1736 Persarum
971 1696 1077 1740 secuta
1096 1671 1155 1744 est'.

46 1759 138 1824 Caesa
157 1773 234 1822 'sunt
252 1757 395 1842 peditum
408 1760 521 1822 ⁴unum
536 1773 567 1818 et
582 1756 742 1839 sexaginta
764 1758 872 1833 millia,
887 1761 1028 1838 equitum
1046 1763 1157 1829 decent

44 1843 163 1908 millia:
179 1857 267 1928 capta
276 1841 481 1926 quadraginta
494 1840 601 1902 millia.
624 1841 692 1904 ⁵Ex
704 1841 934 1906 Macedonibus
946 1845 1090 1909 cecidere
1104 1869 1158 1931 pe·
1175 1901 1179 1912 .

45 1929 167 1992 destres
183 1946 276 2004 cxxx,
289 1928 470 2008 equitescn.
497 1925 534 1988 in
549 1925 843 1990 castrisPersarum
858 1929 1004 1992 ⁶multum
1020 1933 1087 1995 auri
1101 1929 1158 1996 cae·

46 2012 249 2098 terarumque
262 2024 358 2096 opum
374 2013 547 2075 inventum.
572 2012 658 2075 lnter
667 2012 807 2095 captivos
816 2029 1000 2092 castrorum,
1009 2033 1118 2098 mater,
1127 2036 1158 2083 ct

46 2119 135 2178 uxor,
151 2101 338 2182 eademque
354 2113 495 2174 soror‚et
510 2098 581 2162 filiae
596 2098 668 2164 duae
686 2097 777 2162 Darii
794 2097 896 2162 luere.
929 2101 1002 2166 8Ad
1017 2123 1094 2186 quas
1111 2105 1157 2167 vi·

46 2187 158 2249 sendus
169 2183 401 2266 hortandosque
417 2183 493 2248 cum
507 2181 852 2263 Alexander‘v'enisset,
867 2189 1040 2270 conspectis
1055 2211 1158 2254 arma·

47 2269 97 2354 tis,
105 2271 242 2337 invicem
256 2292 291 2334 se
305 2269 563 2355 amplexae5aelut
577 2271 683 2334 statim
699 2271 868 2350 moriturae,
881 2274 1158 2356 complorationem

400 2467 401 2474 ’
453 2485 749 2538 rurenrnsrnrro.

17 2655 18 2658 ’
48 2672 96 2773 dia
113 2657 148 2710 Ut
167 2661 311 2709 aamercort
326 2657 375 2710 ndo
390 2656 456 2706 nrord
474 2627 620 2733 conspicere,
641 2655 697 2708 sine
714 2658 798 2715 metu,
820 2663 913 2708 tantam
933 2657 1034 2708 lunum
1054 2660 1159 2708 mttltitn·

74 2741 131 2778 nean.
217 2737 220 2745 ¹

540 2833 655 2883 norm
670 2811 672 2818 ’

81 2988 97 3036 1
114 2985 298 3054 communen]
317 2989 376 3038 Jam
397 2987 531 3040 Montium
549 3001 593 3036 an·
613 2995 656 3038 tra
672 2986 724 3040 tria
739 2983 823 3036 millia
839 2983 996 3038 talentorum
1017 2988 1044 3038 ln
1064 2990 1160 3040 castris

48 3055 158 3122 gnatius,
175 3055 265 3106 Persis
282 3054 412 3120 expulsis,
425 3070 472 3120 per
489 3057 592 3104 Parme·
613 3053 696 3106 fnisse
706 3065 823 3118 reperta:
837 3053 934 3104 Darius
945 3055 1088 3120 enimopes
1098 3069 1160 3106 suas

48 3124 150 3172 trionem
166 3124 314 3187 occuparat
331 3121 492 3184 Alexander,
506 3129 534 3172 et
552 3136 593 3170 ur·
614 3120 769 3172 Damascum
782 3122 952 3185 praemiserat.

48 3187 198 3240 bemlssum
208 3197 331 3256 ceperam
343 3187 377 3238 ad
386 3205 464 3256 quatu
472 3188 591 3255 pralium
648 3191 665 3242 7
676 3189 818 3250 Eademque
826 3187 916 3250 eund
926 3190 1080 3240 Uxoremet
1090 3202 1161 3238 sorn-

47 3257 217 3310 commissum
228 3263 290 3308 est..
559 3291 560 3296 =
615 3262 670 3308 rem
688 3256 762 3304 Darii
779 3269 830 3306 non
847 3255 968 3316 eandem,
979 3255 1030 3306 sed
1042 3255 1161 3308 diuersas
1195 3265 1197 3269 ’

78 3325 95 3374 2
111 3323 283 3386 Vennonetus]
295 3323 365 3374 Aere
385 3321 494 3389 quidem
511 3329 594 3374 certa·
614 3321 696 3373 fuisse
709 3321 917 3372 scribitArrian.
1051 3379 1056 3386 ‚

49 3387 166 3440 mensuit
178 3391 247 3442 inter
258 3405 351 3454 agmen
365 3390 436 3458 Darii
445 3399 472 3440 et
482 3389 594 3440 Alexan·
648 3389 921 3452 transnavimus]
934 3389 1076 3440 Leonidam
1085 3385 1160 3456 priris

48 3455 99 3517 dri,
110 3457 160 3508 sed
170 3457 206 3507 de
216 3470 308 3522 regum
318 3456 468 3508 vulneribus
480 3471 531 3508 non
540 3469 595 3506 me·
614 3469 695 3507 unum
705 3471 740 3506 ex
746 3453 841 3506 aulicis
851 3455 974 3508 miserat:
983 3456 1031 3522 qui
1038 3458 1159 3511 timorem

49 3524 184 3574 minerunt
197 3523 250 3574 alli.
614 3523 654 3576 eis
672 3523 815 3574 eximeret:
839 3521 895 3586 ipse
914 3521 976 3572 verb
993 3523 1073 3587 paulo
1090 3521 1162 3589 prist,

80 3591 95 3640 3
110 3593 200 3651 Quoad
209 3591 310 3656 fugeret
322 3588 441 3653 Derim]
460 3589 520 3644 Cui,
533 3601 593 3639 cum
615 3599 676 3642 cum
687 3589 813 3651 venisset,
823 3588 939 3656 benigne
952 3605 998 3660 erre¹
1008 3589 1114 3648 habuir;
1132 3599 1163 3641 et

50 3653 209 3708 fortissimos
219 3672 339 3724 quosque
357 3657 430 3708 cirea
446 3671 474 3708 se
491 3653 594 3708 occisos
617 3656 687 3708 Darii
707 3655 791 3706 lilium
814 3671 954 3708 sexennem
976 3657 1116 3722 complexu
1135 3665 1164 3708 et

50 3732 318 3790 cernereuequosque
328 3739 380 3774 suae
390 3724 524 3790 quadrigar
532 3723 595 3773 mul·
617 3723 716 3774 osculis
734 3723 861 3788 dignatus
876 3731 927 3774 est.
960 3725 1030 3774 Dum
1044 3725 1164 3775 taberna-

51 3791 82 3840 tis
103 3789 217 3841 allectos
240 3789 401 3850 vulneribus,
412 3792 451 3840 xin
483 3789 595 3840 alterurn
617 3791 706 3840 culum
720 3789 965 3844 intratAleaauden
976 3789 1028 3841 uni
1040 3807 1100 3842 cum
1113 3795 1164 3839 lle-

51 3861 194 3908 translatus
205 3871 320 3918 currum,
333 3857 423 3923 fugam
433 3857 554 3922 arripuit,
618 3857 771 3922 phastione,
783 3857 851 3907 bunc
869 3857 966 3923 regine
984 3857 1162 3908 Alexandrum

80 3927 97 3976 4
111 3927 197 3976 Ument
206 3921 479 3990 eroeeagintanrillla]
490 3922 596 3974 Diodor.
618 3939 677 3974 esse
685 3931 756 3984 ratae,
762 3923 835 3989 qudd
841 3923 878 3974 illi
884 3931 1164 3989 etpareesetaetate,et

51 3991 168 4052 peditum
184 3993 292 4052 ravum,
302 3992 424 4058 equitum
439 3994 534 4048 1000οι
548 3995 596 4042 Ar·
619 3991 1164 4061 praestaretoorporishabitu,suomorere-

51 4057 111 4108 r'tan.
133 4053 201 4108 verti
223 4059 342 4123 peditum
362 4059 455 4121 90000,
475 4059 596 4124 equitum
618 4068 712 4110 neratar
720 4068 792 4116 sunta
806 4057 867 4108 inde
876 4059 988 4124 captivis
997 4055 1163 4124 spadonibus,

54 4124 133 4177 10000
146 4133 279 4176 recenset.
515 4149 517 4156 ·
618 4127 676 4188 quis
688 4125 840 4179 Alexander
856 4134 936 4180 esset,
950 4123 1164 4184 monstrantibus,

83 4196 98 4240 5
111 4195 157 4242 Ex
166 4193 369 4254 Macednum]
382 4191 481 4243 Mellus
493 4193 544 4244 300
554 4204 597 4256 pe·
619 4192 781 4260 Sisygambls
789 4191 914 4242 advoluta
924 4201 965 4244 est
973 4191 1087 4257 pedibus
1097 4187 1163 4256 ejus,

51 4255 129 4317 dites,
138 4266 169 4309 et
179 4261 230 4312 1⁵0
239 4259 345 4326 equites
357 4259 470 4320 occisos,
479 4269 598 4310 numerat
620 4261 810 4326 ignorationem
827 4273 960 4324 nunquam
975 4255 1052 4306 antea
1064 4255 1113 4306 visi
1126 4274 1166 4307 te-

52 4323 156 4376 Dlodor.
169 4326 205 4376 ad
219 4323 451 4393 quem'nutneram
469 4324 598 4378 accedunt
620 4327 663 4393 gis
686 4331 825 4382 excusans.
848 4341 926 4392 qnam
951 4337 1028 4372 manu
1050 4323 1164 4374 allevans

52 4393 160 4442 Curtius
170 4399 203 4444 et
214 4395 317 4445 Arrian.
621 4409 669 4446 rex
678 4395 740 4444 Νοη
754 4393 854 4452 erasti,
867 4389 962 4456 inquit,
975 4401 1060 4450 mater,
1072 4408 1128 4442 reum
1140 4403 1164 4442 et

87 4457 226 4512 ommam
242 4457 322 4526 nera]
338 4461 428 4527 Negat
444 4461 548 4514 Arrinn.
560 4457 599 4520 nl·
621 4463 659 4514 ln'c
670 4463 866 4518 Alexttnderesr.
901 4455 941 4509 lui
954 4457 1068 4523 Cautius.
