2894 4920
371 217 606 342 “tramit
651 269 819 344 ctam
1045 309 1049 330 «
1216 347 1219 352 ,
1267 279 1328 348 aaa

274 409 278 414 “
1077 409 1083 434 l

62 449 176 513 amisso
190 443 268 527 lilio,
279 447 296 509 tl
309 447 432 530 fastigio
443 465 537 514 tantae
547 451 762 534 majestatisin
773 449 984 534 captiuitatem
996 453 1166 532 redactam,

62 537 255 617 indulgentia·
271 537 407 611 victuris,
427 531 459 598 in
481 557 550 598 eam
573 538 658 598 diem
679 538 749 618 vitae
771 559 831 598 non
854 539 1046 619 poenituerat,
1061 542 1165 604 auditi

61 637 160 683 morte
179 621 507 698 Alexandra-mortem
524 624 581 684 sibi
598 621 662 704 ipsa
679 623 848 695 conscivit;
866 644 924 684 nou
941 622 1027 706 quod
1044 625 1165 688 hostem

61 707 124 766 filio
144 706 318 790 praeferrem
341 707 398 767 sed
413 705 500 788 qudd
517 710 664 788 pietatem
681 709 735 769 lilii
758 710 790 769 in
810 723 1024 790 eo,quem1ut
1043 709 1164 777 hostem

60 792 215 865 timuerat,
230 807 356 873 experta
372 807 468 854 esset:
509 791 649 866 ¹Coutrti,
667 793 871 871 Macedones,
887 811 947 855 non
963 793 1113 856 uttitem
1129 813 1166 856 as

61 891 150 938 tantae
160 875 335 960 'majestatis
347 897 470 958 regem,
485 877 596 940 verium
612 893 647 940 ut
661 879 783 942 hostem
799 879 960 954 amissum,
971 880 1164 958 gaudebaott

58 965 253 1024 severitatem
269 963 399 1024 nimiam
423 979 454 1022 et
476 964 602 1025 assidua
618 963 688 1025 belli
705 964 840 1045 pericula
856 980 1046 1026 execrantes.
1094 963 1166 1026 llus

58 1049 233 1124 accedebat,
247 1046 335 1128 qudd
358 1047 512 1128 principes
534 1068 664 1129 reguum
689 1063 720 1108 et
742 1049 885 1130 imperia,
900 1051 1011 1131 vulgus
1030 1048 1166 1122 militum

56 1133 217 1196 thesauros
229 1149 261 1194 et
273 1135 389 1215 grande
403 1135 615 1214 pondusauri,
627 1133 712 1195 velut
723 1133 910 1215 inopinatam
923 1136 1070 1216 pradum,
1078 1155 1166 1217 specs

56 1220 196 1291 sabania:
220 1218 264 1280 illi
281 1219 512 1280 successionem
535 1219 635 1300 regni,
650 1219 682 1280 hi
705 1239 800 1300 opum
818 1241 854 1280 ac
869 1219 1051 1282 divitiarum
1070 1221 1323 1302 haere⁸†ill'ii‚ape-

56 1305 185 1368 ditatetn
202 1304 384 1386 cogitantes.
420 1302 520 1366 Erant
534 1305 618 1368 enirn
635 1306 665 1366 in
679 1303 832 1366 thesauris
846 1305 1083 1388 2quinquaginta
1096 1306 1163 1367 mila
1173 1304 1270 1352 ΝΜ·

56 1389 120 1470 liulfi
138 1391 301 1465 talentum,
324 1403 355 1451 et
382 1390 413 1452 in
437 1409 539 1451 annuo
563 1391 707 1472 vectigali
734 1389 1030 1474 [tributogtrieena
1057 1369 1305 1484 miltiassmlfrffm

18 1477 20 1484 ”
57 1473 116 1538 Sed
132 1495 190 1538 uec
204 1475 489 1538 amici'Alexaudri
507 1472 619 1540 frustra
635 1497 765 1558 regnum
788 1478 985 1558 spectabant:
1008 1497 1080 1539 nam
1096 1479 1164 1561 ejus
1174 1501 1240 1550 aaa,
1250 1493 1323 1552 erret

55 1561 179 1626 virtutis
197 1583 232 1630 ac
247 1561 455 1624 venerationis
470 1577 567 1637 eraut,
579 1577 614 1624 ut
627 1563 765 1644 singulos
776 1583 866 1644 reges
878 1561 1012 1644 putares.
1037 1562 1163 1645 Quippe
1173 1555 1316 1642 resultatis-

53 1667 89 1716 ea
104 1647 215 1712 formae
230 1647 440 1730 pulchritudo,
455 1659 489 1706 et
503 1649 671 1730 proceritas
686 1649 837 1728 corporis,
851 1663 882 1708 et
899 1649 1014 1709 virium
1033 1671 1068 1710 ac
1084 1639 1217 1731 sapi-'⁸⁶³
1229 1633 1322 1686 aarum

50 1734 145 1796 entiae
166 1733 351 1814 magnitudo
371 1730 647 1804 inomuibusfuit,
664 1733 766 1811 utqui
789 1748 843 1792 cos
865 1733 1032 1812 ignoraret,
1047 1753 1108 1794 non
1126 1751 1167 1796 ex

50 1821 112 1878 una
130 1832 233 1899 gente,
245 1816 302 1878 sed
314 1837 361 1885 ex,
373 1829 446 1878 toto
454 1831 607 1878 terrarum
624 1816 710 1877 Orbe
726 1818 841 1878 electos
851 1816 1019 1899 judicares
1050 1817 1166 1899 Neque

51 1905 135 1964 euim
154 1922 292 1984 unquam
305 1898 376 1964 ante
393 1900 596 1977 Macedonia,
613 1901 661 1962 vel
678 1902 738 1964 ulla
755 1923 830 1982 gens
846 1903 916 1977 alia,
931 1917 994 1981 tam
1011 1902 1166 1967 clarorum

52 1989 361 2072 virorumproventu
377 1987 501 2048 floruit:
526 2007 604 2068 quos
622 1986 725 2068 primo
744 1987 916 2070 Philippus,
933 2007 1008 2050 mox
1026 1985 1166 2050 Alexan·
1212 2037 1214 2042 ,

51 2076 107 2137 der
124 2076 208 2136 tanti
224 2092 298 2136 tura
313 2075 441 2156 legerat,
455 2088 490 2134 ut
505 2093 565 2134 non
580 2087 645 2141 tam
662 2074 701 2134 ad
719 2072 898 2136 sotietatem
921 2073 1005 2148 belli,
1020 2071 1114 2154 quam
1133 2074 1166 2136 in

51 2164 282 2222 successionem
297 2158 396 2240 regni,
413 2159 502 2220 electi
515 2159 721 2220 viderentur.v
754 2156 836 2230 Quis
852 2161 950 2240 igitur
964 2161 1108 2232 miretur,
1119 2175 1165 2222 ta*

51 2246 130 2307 libus
151 2246 316 2323 ministris,
332 2245 452 2308 Orbem
474 2257 627 2306 terrarum
644 2247 776 2316 victum,¹
788 2243 862 2306 cum
880 2246 1035 2306 exercitus
1053 2244 1164 2309 Mace·

51 2333 167 2393 donum
192 2347 248 2408 tot,
262 2353 324 2392 non
340 2332 484 2405 ducibus,
501 2331 562 2392 scd
579 2332 705 2412 regibus
724 2329 906 2409 regeretur?
930 2331 983 2410 qui
1005 2353 1164 2414 nunquam

51 2418 107 2479 sibi
125 2417 433 2502 reperisseutpares,
448 2418 474 2477 si
490 2435 551 2476 nun
571 2415 650 2478 inter
666 2429 699 2476 se
715 2416 963 2476 concurriss'eutt
988 2418 1164 2498 multosque

52 2501 245 2568 Macedonia
259 2523 317 2584 pro
328 2522 392 2562 uuo
404 2501 603 2564 Alexandros
616 2501 787 2576 habuisset,
796 2498 855 2560 nisi
869 2498 992 2560 fortuna
1004 2521 1057 2563 eos
1068 2505 1167 2564 aemu·‘
1264 2534 1270 2544 ·

50 2589 161 2652 latione
182 2589 307 2650 virtutis
324 2590 354 2649 in
370 2587 539 2668 perniciem
558 2601 698 2648 mutuam
715 2586 873 2646 armasset.
1189 2649 1192 2656 ,
1241 2665 1243 2672 γ

91 2675 199 2738 cAP.
214 2674 443 2748 lactearum,
459 2673 563 2734 occiso
579 2671 773 2745 Alexandro,
788 2691 860 2744 nou,
876 2683 911 2731 ut
925 2670 999 2747 loti,
1015 2671 1058 2732 ita
1073 2685 1104 2732 et
1116 2693 1162 2733 se·-
1173 2673 1289 2724 Detnau

51 2765 117 2824 curi
136 2761 406 2836 fuere,.omnibus
429 2777 525 2832 unum
548 2760 652 2820 locum
675 2757 956 2838 competentibuasst
981 2776 1037 2819 nec
1059 2757 1163 2821 minias
1172 2755 1309 2818 ‘'mm“

52 2849 168 2910 milites
185 2847 321 2909 invicem
334 2867 367 2910 se
383 2845 543 2921 timebant,
560 2857 693 2924 quorum
706 2855 737 2902 et
752 2843 876 2902 libertas
891 2843 1021 2904 solutior
1035 2859 1065 2904 et
1077 2805 1325 2926 favorffiffl:

52 2933 188 2994 incertus
208 2947 285 2993 erat.
330 2930 417 2992 Inter
437 2931 521 3012 ipsos
539 2927 615 2991 vero
637 2929 795 3010 aequalitas
816 2927 1008 2989 discordiam
1022 2931 1165 3010 augebat,
1173 2936 1220 2988 ria.

51 3019 177 3080 nemine
193 3017 315 3081 tannim
332 3033 459 3080 caeteros
476 3017 657 3094 excedente,
673 3030 708 3078 ut
723 3015 752 3074 ei
768 3013 881 3095 aliquis
897 3036 930 3076 se
944 3014 1162 3076 summitteret.
1174 3014 1186 3061 ss
1200 3001 1323 3085 ⁰²‘Pss'fn‘3‘

52 3103 179 3165 Armati
196 3105 301 3185 itaque
317 3103 348 3162 in
364 3105 482 3182 regiam
500 3104 626 3172 coeunt,
641 3100 679 3161 ad
697 3099 897 3160 formandum
913 3121 1017 3161 rerum
1033 3075 1217 3180 praten-⁶²³
1229 3073 1283 3124 ²¹¹¹·

52 3191 129 3253 tium
143 3203 271 3252 statum.
315 3187 464 3250 Perdicca
477 3201 582 3249 censet
596 3187 755 3248 ⁴Roxanea
771 3186 942 3268 exspectari
952 3197 1090 3268 portum,
1101 3200 1167 3270 quoe

446 3375 448 3382 ·
459 3351 757 3408 INTERPRETATIO.

82 3531 97 3565 a
111 3517 232 3568 Caeterttm
244 3524 335 3563 mortuo
346 3515 502 3566 Alexandra,
517 3531 565 3562 aran
576 3521 625 3561 tam
637 3509 719 3560 securi
726 3510 845 3574 fluerunt,
855 3509 928 3572 pudm
945 3512 1001 3567 laeti,
1014 3514 1073 3573 prtia
1090 3525 1168 3568 amaea

50 3585 197 3650 appetebgnt
209 3586 304 3647 regiam
312 3584 466 3646 dignitatem,
479 3591 504 3630 et
516 3583 608 3643 singuli
619 3594 667 3628 uun
677 3582 754 3629 minut
767 3579 903 3654 metuebant
916 3580 1009 3636 militet,
1022 3579 1095 3642 qudm
1108 3582 1168 3631 aliua

52 3655 131 3700 ducet.

550 3737 664 3788 nora.
723 3790 725 3798 ,

83 3895 98 3943 1
113 3896 210 3943 Gmttra
226 3887 400 3954 Macedones]
420 3889 543 3940 Affirmat
562 3897 600 3939 ta·
658 3890 807 3938 altomonte
816 3889 975 3955 exspertum]
984 3887 1100 3938 Diversae
1112 3887 1169 3938 sud·

51 3975 108 4012 men
120 3961 244 4020 Curtius,
252 3977 297 4011 eos
307 3960 377 4026 regis
391 3961 524 4008 interitum
536 3958 601 4008 mul·
624 3963 686 4005 runt
696 3957 731 4006 de
743 3971 806 4019 rege
819 3957 942 4022 eligendo
955 3956 1051 4006 ducum
1068 3965 1170 4004 senten·

51 4029 169 4080 taluam
190 4037 348 4091 prosecutos
359 4041 428 4076 esse.
466 4029 539 4078 Versa
557 4029 601 4076 vlu
623 4025 680 4072 tiaer
700 4023 838 4073 Nearchus
854 4023 947 4075 classis
965 4021 1105 4087 praelectus
1117 4035 1170 4070 non

52 4096 241 4158 expunximus.
367 4131 371 4140 .
623 4092 738 4142 Roxanis
760 4095 868 4153 partum
890 4089 1093 4154 expectandam.
1121 4085 1170 4136 sed

84 4165 100 4212 2
117 4164 312 4224 thrquagt'nto
327 4157 427 4222 nullia]
442 4159 541 4208 Nostra
554 4174 600 4207 nu·
623 4161 736 4208 Barsine
753 4157 838 4206 lilium
856 4157 1033 4217 coronandum
1057 4154 1171 4202 censuit.

50 4229 171 4278 merendi
199 4229 310 4288 ratione,
334 4227 443 4279 luerunt
469 4225 601 4276 milliones
624 4227 771 4291 Utrumque
785 4224 943 4276 Ptolemaeus
961 4219 1171 4297 respuiqindig·

52 4293 175 4358 triginta.
241 4335 243 4342 .
570 4307 577 4322 i
619 4287 1171 4349 uumratusvictoreaserrirecaptivarum

86 4361 102 4410 3
117 4361 330 4422 Τήιεηωιίἰὶἱα.]
347 4361 459 4412 Budaeus
473 4357 550 4424 legit,
562 4359 603 4420 30,
624 4357 694 4407 fillis.
722 4357 864 4407 Aristonus
876 4349 939 4404 verr)
952 4351 1106 4402 Perdiccam
1120 4367 1172 4416 pro

53 4427 288 4491 queconstituunt
298 4428 428 4480 milliones
436 4434 497 4478 octo
506 4425 602 4478 decim.
624 4439 688 4491 rege
704 4422 864 4483 habendum,
880 4421 978 4486 quippe
995 4419 1040 4472 cui
1057 4420 1175 4472 mortem

863 4687 875 4718 Ι
