2886 4906
736 280 925 366 Jusmnt

276 463 389 526 verum
411 461 505 522 etiam
527 457 593 521 sine
615 453 797 520 custodibus
816 455 935 531 vident,
953 473 1015 514 non
1037 450 1145 534 fugam
1167 448 1321 524 hostium,
1337 445 1396 512 sed

277 545 397 612 dolnm'
408 547 602 620 arbitrantes,
617 545 673 606 diu
689 544 803 604 intrare
822 555 927 624 portas
943 539 1129 601 timuerunt.
1174 534 1395 611 Postremum,

277 633 407 716 integris
429 647 460 694 et
475 631 597 693 intactis
620 627 833 700 munimentis,
848 629 1019 688 scrutantes
1037 623 1144 708 potius
1165 618 1259 706 quim
1280 621 1396 704 diripi·

216 729 219 734 '
278 735 376 795 entes,
390 733 490 780 castra
511 715 753 799 occupaverunt.
798 713 900 787 Tunc,
916 710 1024 772 ablatis
1044 727 1115 792 qnae
1137 711 1335 784 invenerant,
1356 707 1395 768 ad

182 829 185 850 ¹
277 808 351 868 litus
367 817 598 866 convertuntur.
644 801 705 878 Ibi,
716 801 792 862 dum
809 819 903 860 naves
919 795 1075 860 incautiiie
1091 791 1284 876 diripiuntfa'
1297 792 1395 856 remi·

277 893 381 975 gibus,
396 905 427 951 et
442 890 480 950 ab
495 888 652 952 exercitiis
672 901 770 970 parte,
790 893 860 967 quae
881 881 921 946 εὸ
938 903 1010 944 cum
1032 880 1217 966 conjugibus
1232 893 1265 942 et
1284 879 1396 941 liberis

278 977 492 1059 confugerant,
505 975 584 1036 nihil
604 973 664 1035 tale
681 972 854 1034 metuentes
874 970 1087 1032 trucidanturi
1109 978 1272 1047 “tantaqne
1291 965 1393 1027 caedes

181 1083 184 1086 ·
278 1061 443 1138 Gallorum
466 1061 537 1136 fuit,
552 1075 588 1122 ut
608 1058 771 1141 Antigono
793 1077 902 1139 pacem
924 1053 1030 1137 opinio
1051 1052 1146 1137 hujus
1165 1051 1316 1126 victoria,
1330 1071 1393 1112 non

272 1148 297 1210 el
314 1149 413 1211 Gallis
428 1145 687 1218 tantdm‚ver1im
703 1143 798 1216 etiam
814 1140 832 1202 ti
848 1141 1049 1204 finitimorum
1064 1137 1186 1200 feritate
1202 1138 1391 1220 praestiterit.

279 1229 470 1316 Quanqnim
493 1230 657 1292 Gallorum
681 1231 922 1310 eittempestate
944 1241 1037 1288 tantae
1053 1223 1260 1286 soecunditatis
1279 1223 1391 1306 juven-

277 1337 329 1384 tus
353 1319 425 1395 fuit,
446 1335 482 1380 ut
507 1317 635 1379 ¹Asiam
657 1335 784 1376 omnem
807 1315 893 1374 velut
915 1313 1058 1373 examine
1084 1311 1190 1391 aliquo
1217 1309 1392 1392 implerent.

279 1406 439 1486 Denique,
455 1425 555 1484 neque
578 1423 668 1484 reges
690 1399 830 1462 Orientis
852 1398 917 1459 sine
941 1397 1132 1458 mercenario
1151 1395 1319 1459 Gallorum
1341 1417 1392 1458 ex·

278 1491 379 1552 ercitu
394 1489 456 1550 ulla
471 1489 549 1548 bella
565 1500 747 1570 gesseruut;
765 1505 866 1565 neque
882 1483 964 1566 pulsi
978 1503 1076 1564 regno
1092 1482 1132 1544 ad
1149 1483 1225 1544 alios
1243 1480 1342 1563 quim
1357 1481 1394 1544 ad

280 1577 388 1639 Gallos
410 1573 630 1655 confugerunt.
674 1571 795 1633 Tantus
818 1586 918 1632 terror
938 1568 1051 1630 Gallici
1073 1568 1222 1646 nominis
1237 1583 1269 1629 et
1285 1589 1392 1632 armo·

281 1659 479 1726 ruminvicta
494 1659 627 1721 felicitas
642 1672 719 1731 erat,
735 1672 769 1719 ut
784 1656 873 1717 aliter
885 1677 987 1736 neque
1003 1654 1198 1737 majestatem
1211 1641 1300 1719 sitam
1311 1669 1394 1717 tuta-

279 1750 318 1824 ri,
333 1767 435 1828 neque
451 1745 599 1808 amissam
614 1763 798 1826 recuperare
813 1763 846 1804 se
863 1738 953 1825 posse
971 1741 1037 1802 sine
1048 1740 1168 1802 Gallica
1178 1741 1298 1802 virtute
1312 1741 1394 1804 ami·

280 1849 445 1897 trareutur.
491 1833 602 1912 Itaque
616 1831 662 1892 ²in
678 1830 830 1892 auxilium
846 1824 865 1888 a
881 1825 1038 1908 Bithynia
1054 1847 1128 1908 rege
1140 1827 1392 1910 vocati‚r.egnnm

281 1914 354 1984 cum
370 1935 425 1993 eo‚'
434 1919 519 2002 partit
533 1917 674 1990 victorii,
687 1917 876 1991 diviserunt,
889 1933 1022 1994 eamque
1043 1915 1206 1996 regionem
1222 1913 1393 1998 Gallograe·

281 2006 363 2068 ciam
377 2001 690 2084 cognominaverunt.
951 2004 958 2018 ⁸

34 2104 36 2128 ⁴
124 2099 238 2164 Pyrrhae
326 2087 429 2150 CAP.
445 2087 510 2148 111.
526 2087 613 2147 Dum
625 2086 733 2152 haecin
747 2084 825 2146 Asta
838 2084 1137 2165 getuntuninterim
1153 2085 1184 2148 iu
1197 2085 1307 2148 Siciliai
1320 2087 1392 2169 Pyt·

124 2167 243 2250 anteacto
271 2171 397 2250 'rhus‘i
412 2173 512 2234 Poenis
523 2171 624 2232 navali
636 2173 744 2254 praelio
756 2173 868 2246 victus,
878 2173 916 2232 ab
929 2170 1092 2253 Antigono
1106 2171 1311 2236 Macedoniae
1323 2193 1393 2256 rege

124 2239 273 2349 Ἥὲᾆέὂζ
282 2261 530 2341 supplementum
545 2256 683 2320 militum
694 2279 751 2340 per
760 2259 879 2340 legatos
891 2257 986 2340 petit:
1001 2255 1218 2336 '’denuncians,
1232 2260 1268 2320 ni
1285 2263 1394 2337 mittat,

124 2364 165 2414 01.
180 2339 234 2414 1'26.
244 2363 269 2412 3.
283 2347 382 2408 redire
392 2367 425 2408 se
438 2345 470 2406 in
484 2363 613 2426 regnum
628 2365 747 2408 necesse
761 2345 878 2418 labne,
890 2345 1073 2406 incrementa
1086 2363 1198 2420 rerum,
1210 2365 1277 2429 quoe
1289 2347 1326 2408 de
1337 2348 1396 2410 Ro·

124 2429 584 2506 Urb.c.479man53v01umgde
600 2431 666 2514 ipso
684 2431 890 2517 quasincrum.
936 2429 1032 2504 Quod
1055 2429 1108 2493 ubi
1129 2447 1279 2514 negatum
1303 2432 1395 2516 legati

124 2495 468 2594 Ant·C·2⁷²·'i·etullerunt,
483 2516 692 2580 dissimulatis*
703 2518 815 2592 causis,
829 2517 1022 2600 repentinam
1037 2513 1141 2599 clingit
1155 2515 1392 2599 profectionem.

283 2603 391 2668 Socios
406 2604 529 2666 interim
545 2623 653 2687 parare
669 2605 783 2666 bellum
802 2603 911 2686 jubet:
935 2603 1015 2666 arcis
1029 2602 1205 2664 Tarentina
1219 2607 1393 2670 custodiam

283 2691 408 2752 Heleno
425 2686 499 2762 filio,
515 2703 546 2749 et
560 2690 661 2750 amico
679 2689 795 2750 Miloni
811 2687 916 2752 tradit.
961 2685 1120 2751 Reversus
1136 2690 1168 2751 in
1184 2689 1321 2772 Epirum
1338 2707 1394 2754 sta·

283 2778 341 2840 tim
359 2775 434 2838 fines
452 2774 651 2838 Macedoniae
666 2774 818 2838 ³inuadit:
841 2775 893 2836 cui
910 2775 1091 2856 Antigonus
1104 2794 1177 2837 cum
1192 2779 1332 2840 exercitu
1342 2799 1395 2840 oc-

284 2861 382 2924 currit
392 2885 407 2932 ςῚ
417 2859 582 2940 victusque
595 2861 702 2942 praello
719 2861 750 2921 in
766 2857 873 2942 fugam
889 2861 1031 2922 vertitur.
1069 2861 1183 2943 Atque·
1196 2863 1238 2936 ita
1256 2861 1396 2944 Pyrrhus

284 2946 508 3008 Macedoniam
522 2946 553 3006 in
569 2944 720 3006 ditionem
737 2945 869 3028 accipit3
886 2960 928 3022 et,
939 2945 1037 3009 veluti
1052 2947 1167 3008 damna
1180 2948 1303 3010 amissae
1319 2950 1394 3013 Sici·

283 3033 330 3096 liae
359 3033 517 3118 Italiaeque
539 3030 693 3111 acquisito
717 3028 916 3094 Macedoniae
937 3051 1034 3114 regno
1056 3035 1225 3115 pensisseu
1250 3035 1393 3100 relictum

284 3119 413 3182 Tarenti
429 3119 527 3180 filium
541 3130 573 3177 et
587 3117 723 3181 amicum
736 3118 874 3179 arcessit.
898 3117 1079 3200 Antigonus
1091 3133 1196 3182 autem
1207 3141 1280 3184 cum
1290 3123 1393 3206 paucis

690 3271 988 3337 iunnnuunnnmo.
1083 3333 1086 3340 Ι

317 3391 332 3422 a
344 3376 381 3424 Et
392 3385 463 3425 tauta
473 3377 529 3440 suit
541 3386 640 3441 strages
655 3378 787 3436 Gallorum,
800 3387 828 3424 nt
851 3380 898 3442 ipsi
910 3397 1007 3430 necesse
1017 3396 1068 3430 esee
1078 3381 1159 3428 redire
1169 3381 1195 3428 in
1204 3395 1310 3445 regnum
1323 3401 1393 3443 mum,

283 3455 331 3490 non
342 3440 435 3490 tonatim
448 3445 522 3502 Galli,
533 3445 660 3492 sedetiam
671 3454 763 3508 gentes
768 3445 829 3507 fini·
850 3455 875 3494 et
885 3454 947 3495 tunc
966 3463 992 3496 ae
1008 3454 1146 3514 gesturum
1165 3447 1191 3495 in
1208 3461 1269 3497 eum
1291 3451 1393 3509 bellum,

284 3513 345 3556 timae
355 3507 472 3570 barbara,
485 3514 574 3560 territa
585 3511 659 3574 sumet
671 3514 744 3576 liujus
754 3509 829 3560 victo·
851 3522 879 3560 ut
888 3515 955 3576 fines
972 3517 1096 3578 reginoni
1110 3517 1205 3573 dilatet,
1221 3502 1289 3576 quod
1305 3521 1394 3570 volebat

284 3579 334 3633 ria,
346 3592 393 3624 nort
409 3591 472 3628 ausa
487 3582 537 3628 sint
552 3579 637 3627 bellum
651 3578 745 3644 insenre
756 3581 827 3628 Ann-
844 3579 937 3642 fucerev
946 3579 1085 3644 dispendio
1099 3583 1271 3633 Romanorum.

279 3657 352 3706 grano.
885 3663 899 3696 c
911 3646 963 3698 Hoc
974 3660 1018 3710 est,
1028 3657 1111 3714 parat.

316 3708 333 3758 b
355 3709 526 3774 Denulzca'ans,
547 3713 596 3762 aciei
618 3715 699 3761 mittat
721 3711 828 3774 auxilia,

776 3867 891 3917 NOTAE.

316 3969 541 4032 tulliani-omnen]
552 3971 640 4023 Asiam
653 3973 780 4022 minorem
790 3973 828 4022 in·
881 3973 900 4023 3
915 3975 1037 4038 Invadit]
1057 3974 1175 4026 Primitm
1188 3993 1251 4030 oum
1264 3979 1393 4045 Antigono

280 4037 393 4102 telligit:
405 4037 473 4112 ultra
481 4040 599 4087 Taurum
608 4040 678 4090 enim
691 4053 740 4088 non
751 4053 828 4102 pene·
848 4041 976 4107 congredi
987 4059 1038 4092 non
1049 4059 1139 4102 ausus,
1152 4046 1230 4096 urbes
1244 4047 1347 4112 aliquas
1358 4061 1395 4096 ce-

280 4109 386 4180 nati-nul
399 4103 477 4160 Galli,
489 4103 541 4182 nisi
553 4103 690 4170 aliquanto
702 4102 773 4170 pdst,
785 4121 828 4172 pe·
848 4108 903 4172 pit;
922 4117 989 4170 tum,
1001 4110 1142 4160 commisso
1161 4112 1393 4179 invhsouiaprae·

228 4181 234 4188 ·
280 4171 361 4219 cunis
372 4171 498 4240 conducti
509 4187 525 4220 a
537 4171 645 4236 regib-us
657 4172 743 4242 Syrie.
849 4175 893 4236 llo,
911 4177 1057 4241 Gallisque,
1073 4179 1121 4242 qui
1136 4181 1185 4242 pro
1198 4179 1331 4246 Antigono
1348 4189 1394 4230 sta·

314 4237 331 4284 2
343 4236 532 4300 laeaniticum]
546 4237 721 4288 Attaliconum
734 4253 829 4304 regum,
847 4241 919 4302 bunt,
943 4243 1067 4303 concisis,
1089 4255 1118 4296 et
1141 4246 1344 4312 elephantorum
1367 4251 1393 4296 et

280 4298 409 4352 ditionem
421 4305 596 4370 diupopulati
611 4305 783 4356 obtinuerunt
794 4307 827 4356 ab
846 4308 985 4375 phalangis
1002 4309 1085 4361 duces
1104 4312 1225 4364 dextram
1242 4314 1276 4366 iis
1292 4321 1392 4383 proten·

279 4365 313 4416 iis
326 4369 487 4444 Bithyniam,
500 4371 579 4436 quam
592 4387 641 4424 sno
651 4373 754 4430 nomine
765 4373 825 4426 Gal·
846 4376 921 4438 dens,
935 4377 967 4428 acl
979 4384 1068 4443 partes
1080 4395 1141 4431 snas
1152 4374 1269 4434 aitnaxit

277 4432 443 4486 latitantem
456 4438 587 4490 dixerunt.
641 4468 660 4498 μ
996 4469 1000 4478 ι
