2886 4906
120 221 182 288 aaa
411 267 415 276 a
728 213 915 302 tusum
954 319 958 327 Ι

267 349 372 472 ¹,Unus
386 411 427 456 en
440 402 488 454 tot
499 387 638 454 millibus
651 407 814 454 servorum
829 387 901 464 fuit,
910 381 970 470 ¹qni
983 385 1053 452 miti
1071 383 1311 470 tegulensis
1328 375 1389 452 do·

276 473 353 540 mini
378 474 560 560 parvulique
575 475 629 538 filii
645 474 714 563 ejus
735 473 858 538 fortuna
880 488 1080 547 movereturt
1095 471 1307 554 dominosque
1323 493 1388 536 non

121 573 123 580 '
177 579 182 585 ·
276 563 356 626 truci
373 563 506 637 feritate,
520 562 577 623 sed
590 561 650 643 piae
662 559 886 622 misericordiae
897 557 1088 625 humanitate
1099 558 1276 642 respiceret.
1304 559 1388 620 alta·

170 702 174 716 ,
277 669 338 730 que
355 646 429 710 cirm
444 647 530 709 velut
544 647 665 708 occisos
684 645 856 721 alienisset,
871 645 1031 727 servisque
1048 645 1087 707 de
1100 659 1180 706 statu
1200 643 1387 726 reipublicae

227 807 228 814 ἵ
256 799 260 810 ,
278 731 519 812 deliberantibus
534 730 699 814 placuisset
718 749 825 813 regem
841 747 882 790 ex
895 751 952 792 suo
968 750 1096 813 corpore
1119 729 1229 807 creari,
1244 747 1386 812 eumque

120 824 252 892 'placitis-
276 818 473 902 potissimum
485 816 574 900 quasi
587 815 837 898 acceptissimum
854 813 949 891 tuiis,
968 815 1022 898 qui
1037 816 1134 878 solem
1149 815 1306 878 orientem
1323 814 1386 898 pri·

119 893 226 954 simun,
276 923 347 968 mus
362 904 503 979 vidiss'et,
513 922 580 964 rem
596 902 636 964 ad
651 899 826 962 Stratonem
839 899 914 984 (hoc
929 899 1012 962 enim
1024 901 1053 962 ei
1064 919 1177 964 nomeu
1187 897 1270 980 erat)
1280 899 1385 964 domi·

120 961 203 1012 MS&
275 1009 353 1053 num
363 984 488 1052 occulte
504 989 650 1050 latentem
666 985 789 1049 detulit.
806 984 860 1046 Ab
872 1007 910 1048 eo
925 983 1086 1062 lormatds,
1101 985 1175 1056 ciam
1187 985 1299 1048 medio
1314 1007 1384 1048 noc·

275 1077 317 1140 tis
330 1063 438 1138 onines
453 1075 486 1136 in
504 1093 602 1136 uuum
617 1080 763 1154 campum
778 1071 1009 1154 processissent,
1023 1071 1144 1134 caeteris
1166 1073 1197 1134 in
1217 1069 1383 1134 Orientem

275 1160 496 1246 spectantibus,
509 1159 593 1221 solus
603 1155 774 1220 occidentis
790 1157 948 1240 regionem
961 1157 1146 1220 intuebatur.
1191 1157 1230 1218 ld
1245 1157 1382 1238 primunr

276 1247 346 1310 aliis
361 1245 462 1308 videri
477 1244 577 1318 furor,
592 1243 624 1306 in
640 1241 812 1305 Occidente
828 1243 901 1318 solis
917 1257 1023 1304 ortum
1038 1261 1196 1323 quaerere:
1219 1239 1290 1304 bubi
1309 1240 1383 1306 verb

214 1331 217 1336 ’
276 1332 346 1395 dies
370 1331 537 1394 adventare
559 1329 660 1412 coepit,
683 1325 927 1410 editissimisque
952 1326 1142 1390 culminibus
1170 1327 1256 1390 urbis
1279 1329 1384 1392 oriens

275 1417 459 1499 splendere,
484 1414 716 1498 expectantibus
736 1413 816 1490 aliis,
840 1428 874 1476 ut
888 1413 991 1496 ipsum
1011 1413 1110 1475 solem
1135 1411 1322 1496 aspicerent,
1336 1415 1385 1476 hic

275 1499 396 1586 primus
412 1500 556 1562 omnibus
567 1497 723 1582 fulgorem
733 1499 807 1560 solis
819 1497 851 1560 in
862 1517 986 1562 summo
997 1498 1123 1582 fastigio
1135 1498 1270 1565 civitatis
1281 1516 1385 1562 osten·

237 1641 238 1646 ,
275 1585 334 1650 dit.
380 1587 456 1650 Nou
470 1585 594 1648 'servilis
609 1585 726 1668 ingenii
748 1584 827 1648 ratio
851 1583 937 1658 visai
961 1583 1253 1666 requirentibusque
1278 1601 1385 1648 aucto·

259 1683 356 1749 nem,
377 1673 416 1735 de
439 1671 569 1734 domino
590 1671 763 1734 confitetur.
814 1667 905 1734 Tunc
928 1669 1119 1742 intellectum
1140 1683 1198 1747 est,
1220 1667 1387 1744 Quantum
1425 1721 1426 1728 ,

233 1823 235 1832 ,
275 1757 412 1842 ingenua
433 1757 597 1827 seruilibus
619 1757 744 1841 ingenia
764 1769 962 1840 prestarentt
985 1755 1165 1838 malitiaque
1187 1777 1311 1831 servos,
1325 1776 1386 1820 non

275 1844 426 1927 sapientiai
440 1845 576 1906 vincere.
622 1843 725 1925 Igitur
740 1843 831 1906 venia
845 1842 911 1924 seni
928 1842 1052 1924 filioque
1073 1843 1146 1906 data
1163 1857 1230 1917 estr
1254 1857 1288 1906 et
1301 1845 1385 1906 velut

275 1931 403 1992 numine
416 1929 553 2010 quodam
564 1944 737 1991 reservatos
749 1929 942 2004 arbitrantes,
951 1949 1059 2009 regem
1069 1927 1244 2002 Stratonem
1256 1931 1385 1992 creave-

275 2030 359 2077 runt.
404 2013 480 2076 Post
495 2015 586 2100 cujus
609 2028 742 2076 mortem
757 2033 889 2096 regnum
904 2013 945 2075 ad
961 2010 1071 2091 filium,
1085 2035 1122 2078 sc
1137 2013 1263 2090 deinde,
1275 2016 1320 2078 ad
1335 2037 1385 2077 ne·

275 2115 365 2183 potes
380 2097 513 2162 transiit.
558 2097 688 2160 Celebre
710 2097 771 2164 hoc
785 2119 949 2162 servotum
964 2097 1096 2176 facinus,
1116 2091 1385 2184 metuendumque

250 2218 252 2226 ,
273 2185 455 2268 exemplum
471 2197 538 2247 toto
553 2182 639 2246 Orbe
650 2197 803 2248 terrarum
818 2182 889 2247 fuit.
912 2185 1023 2267 Itaque
1037 2183 1220 2248 Alexander
1231 2183 1385 2269 Magnus,

116 2277 265 2331 amam·
277 2265 351 2334 ciam
367 2269 532 2354 interjecto
546 2282 686 2352 tempore
702 2271 735 2334 iu
754 2267 884 2334 Oriente
904 2271 1020 2334 bellum
1043 2285 1178 2354 gereret,
1192 2271 1386 2352 velutultor

117 2341 265 2462 32¹&
277 2354 406 2440 publicae
421 2355 608 2434 securitatis,
622 2358 814 2439 ¹expugnati,
832 2377 942 2420 eorum
965 2356 1053 2434 urbe,
1067 2375 1176 2420 omnes
1198 2357 1255 2438 qui
1278 2359 1386 2440 praelio

116 2447 270 2532 „gom
276 2441 505 2528 superfuerant,
519 2445 559 2504 ob
572 2441 888 2506 memoriam'veteris
901 2443 998 2508 caedis
1015 2441 1158 2506 crucibus
1175 2442 1292 2506 affixite
1318 2447 1385 2527 'ge-

276 2535 335 2592 bus
364 2541 484 2595 tantum
514 2527 677 2601 Stratonis
693 2527 875 2594 inviolatum
900 2529 1048 2606 servavit,
1061 2537 1271 2611 ‘regnumque
1294 2531 1386 2615 stirpi

74 2606 76 2616 ’
235 2641 238 2646 ·
275 2616 345 2700 ejus
359 2615 506 2692 restituit,
521 2614 665 2697 ingenuis
691 2629 723 2678 et
740 2613 876 2678 innoxiis
893 2615 1002 2678 incolis
1025 2611 1133 2678 insulae
1155 2615 1326 2691 attributis,
1342 2633 1388 2692 ut,

116 2695 246 2794 mm,
274 2701 428 2786 extirpato
443 2699 549 2762 servili
564 2699 716 2783 germine,
726 2722 825 2782 genus
840 2700 927 2762 urbis
942 2721 984 2763 ex
998 2700 1122 2782 integro
1135 2699 1336 2766 mederetur.

116 2809 240 2858 meatus
318 2785 422 2849 CAP.
442 2785 503 2850 1v.
520 2785 592 2848 Hoc
608 2785 704 2868 igitur
723 2787 819 2847 modo
834 2781 938 2867 Tyrii,
954 2784 1130 2850 Alexandri
1141 2786 1289 2870 auspiciis
1308 2807 1386 2851 con·

273 2871 345 2947 diti,
365 2867 569 2955 dparsimonia
590 2881 623 2932 et
643 2871 748 2932 labore
770 2872 928 2951 quaerendi
953 2869 1017 2934 citd
1042 2871 1240 2936 convaluere.
1297 2873 1386 2938 Ante

273 2957 395 3022 cladem
417 2956 618 3022 dominorum
634 2955 709 3020 cum
735 2970 768 3020 et
782 2957 893 3042 opibus
908 2971 941 3022 et
957 2955 1157 3022 multitudine
1180 2959 1386 3041 abundarent,

677 3164 973 3227 rucsnrnnrnrrd.
1060 3181 1063 3188 ¹

304 3367 814 3436 smassennes:acuatacuataaqaam
833 3374 1200 3438 genusettnaaxtiqatgenus
1208 3376 1301 3426 nutam
1308 3385 1383 3430 matt·

271 3439 408 3503 tisrdstent
419 3441 498 3488 acciti.
836 3451 951 3489 retorsa
966 3442 1073 3504 integro,
1084 3444 1196 3496 extinctd
1209 3445 1290 3508 stirpe
1304 3460 1385 3496 urna

306 3505 321 3554 b
332 3507 468 3568 Postquam
485 3507 557 3570 capit
572 3505 623 3554 dies
634 3506 723 3566 lucere,
731 3513 756 3554 et
768 3505 812 3556 Sol
836 3521 897 3566 ram.

271 3575 351 3622 oriem
361 3575 498 3622 illuminare
508 3575 626 3622 altissimo
638 3574 706 3622 arbit
718 3584 790 3622 tecta.
864 3569 888 3622 .d
908 3573 989 3626 Brevi
1008 3575 1181 3639 comparandae
1200 3577 1247 3628 sibi
1266 3593 1385 3643 παρ-ἰω

303 3653 319 3690 c
332 3641 453 3689 Reddidit
472 3655 576 3706 regnum
589 3643 643 3706 q'us
659 3643 770 3703 posteris,
790 3651 814 3690 et
832 3644 1118 3708 potentiampareimsnt'a
1128 3647 1243 3698 etatum
1254 3650 1387 3712 aegrescen-

269 3703 434 3756 oalut'turd'eta
441 3709 550 3758 ltudt'tota'
557 3706 678 3758 abincab'e
684 3710 768 3758 ¹r'rrsulae
776 3708 814 3758 in·
836 3710 863 3760 di
874 3716 936 3773 apes.

763 3905 877 3958 NOTAE.

303 4107 319 4156 1
329 4107 487 4173 septaginta
496 4123 577 4156 eorem
587 4105 743 4170 arbeJPost
755 4119 813 4170 sep·
833 4119 894 4172 gem
902 4107 1039 4160 constituit
1047 4103 1310 4174 Abdalonymum‚'ec
1322 4111 1387 4162 cur-

268 4178 323 4222 tem
346 4179 472 4224 mensium
496 4173 670 4234 obsidionem,
700 4173 734 4226 dc
761 4177 814 4240 qus
835 4177 883 4232 ηό,ο
905 4175 1084 4242 Rallonyrnunt
1103 4192 1137 4226 es
1153 4179 1271 4235 Diodoro,
1284 4178 1333 4244 qui
1353 4183 1386 4228 es

240 4279 242 4284 ,
267 4237 342 4304 prius
353 4240 479 4294 diximus.
833 4249 953 4308 egestate
972 4237 1149 4307 premebatur,
1166 4253 1204 4305 ut,
1220 4243 1283 4294 licet
1305 4244 1387 4311 regii

301 4301 319 4352 2
331 4305 414 4360 Genus
422 4321 501 4359 tantan
512 4303 657 4370 Stratonis]
668 4305 812 4358 Consilium
832 4318 904 4376 esset
915 4315 991 4360 ortus
1002 4307 1108 4374 familis,
1120 4309 1226 4376 lscems
1242 4318 1331 4362 tectus
1349 4310 1387 4364 vi·

267 4369 459 4437 Hephaestionis
472 4382 598 4440 sequutus
610 4373 761 4439 Alexander
772 4390 813 4450 ¹re·
832 4375 944 4444 lissinis,
955 4389 1051 4448 aquam
1061 4375 1184 4444 mercede
1193 4376 1327 4432 hauriret,
