2906 4902
594 339 597 345 ,
653 339 677 351 ,¹
727 261 954 350 fusurus,
1025 283 1028 290 ·
1434 259 1437 350 l

271 425 538 510 virorurnrurb'ern
559 437 697 504 hostium
719 435 888 514 obsideret,
906 447 977 519 “per
998 423 1138 520 quietem
1158 435 1266 520 specie
1287 445 1391 500 torva

265 517 421 674 wis,
436 545 505 606 quae
520 545 553 588 se
567 523 667 586 ¹<leam
688 523 822 600 dicebat,
837 522 1013 600 exterritus,
1028 520 1111 588 ultrei
1131 542 1241 605 pacem
1263 520 1390 584 Massi·

294 611 419 674 ensibus
438 609 531 684 fecit;
554 609 713 692 petitoque
735 623 770 670 ut
791 609 906 673 intrare
927 608 972 670 illi
995 609 1117 686 urbem,
1130 623 1162 670 et
1176 607 1256 670 deos
1272 627 1390 670 eorum

210 695 214 700 ’
270 697 401 762 adorare
420 697 537 771 liceret,
552 693 628 759 clim
649 695 681 756 in
703 713 808 758 arcem
831 693 987 757 Minervae
1001 691 1147 768 venisset,
1162 706 1340 776 conspecto
1358 692 1390 753 iu
1436 663 1438 786 1

270 781 441 866 porticibus
462 780 629 844 simulacro
650 779 727 857 dese,
744 799 840 861 quam
861 799 918 862 per
938 779 1077 860 quietem
1098 779 1232 856 viderat,
1252 774 1391 863 repente

270 865 434 943 exclamat,
449 866 534 930 Illam
549 886 694 953 essequa·
713 887 747 926 se
765 877 850 930 nocte
864 865 1083 934 exemisset,-
1104 865 1198 941 illem,
1213 884 1285 950 quoe
1308 885 1392 926 rece·

270 953 343 1016 dere
355 951 392 1014 ub
404 953 554 1016 absalione
557 951 718 1036 jussisset.
741 947 987 1034 Gratulatusque
1003 949 1271 1026 Massiliensibus,
1282 947 1393 1032 ''qubd

271 1037 534 1102 animadverteret
548 1059 603 1100 eos
622 1035 663 1098 ad
684 1057 791 1100 curam
813 1037 945 1101 deorum
967 1036 1192 1100 immortalium
1213 1035 1391 1119 pertinere,

229 1133 233 1144 “
271 1138 383 1206 torque
398 1143 494 1186 aureo
508 1123 620 1186 donati
635 1120 704 1199 dea,
719 1123 950 1206 inperpetuum
965 1121 1134 1196 amicitiam
1150 1143 1224 1184 cum
1241 1121 1393 1184 Massili-

272 1211 398 1272 ensibus
419 1207 537 1292 junxit.
583 1207 675 1282 Parti
697 1228 784 1291 pace,
805 1210 969 1270 securitate
992 1207 1130 1284 fundae,
1150 1221 1352 1271 revertentes
1374 1205 1391 1267 ai
1439 1218 1440 1268 l

272 1287 407 1379 Delphis
423 1293 673 1359 Massiliensium
687 1295 794 1376 legati,
809 1313 872 1376 quo
888 1293 975 1355 missi
991 1313 1122 1356 munera
1137 1293 1284 1392 hpollini
1310 1293 1391 1356 tule·
1439 1297 1440 1320 ³

168 1453 170 1460 Α
270 1397 351 1457 rant,
360 1377 529 1444 audierunt
543 1380 652 1444 urbem
668 1377 842 1442 Romanam
857 1375 876 1438 si
892 1378 992 1442 Gallis
1008 1393 1141 1462 captam,
1149 1371 1391 1462 incensamque.

272 1464 380 1538 Quam
398 1484 467 1528 rem
482 1465 570 1528 domi
585 1465 762 1526 nunciatam
776 1464 901 1546 publico
915 1461 1026 1528 funere
1043 1463 1264 1530 Massilienses
1278 1483 1392 1548 prose·

271 1550 362 1632 qunti
374 1564 463 1612 sunt:
487 1569 660 1632 aurumque
675 1565 707 1610 et
721 1564 885 1630 argentum
899 1549 1059 1630 publicum
1075 1549 1301 1634 privatumque
1315 1573 1392 1614 oon·

270 1637 422 1726 tulerunt,
437 1635 478 1696 ad
492 1635 680 1718 explendum
695 1635 817 1719 pondus
833 1631 975 1712 Gallina
989 1636 1102 1718 quibus
1117 1633 1318 1720 redemptam
1334 1659 1391 1721 pa·
1440 1626 1441 1696 l

268 1724 342 1784 cem
363 1735 581 1803 cognoverant.
626 1720 679 1783 Ob
694 1721 781 1804 quod
801 1721 961 1798 merirum,
975 1735 1008 1784 et
1029 1720 1224 1784 ¹immunitas
1246 1722 1312 1786 illis
1333 1725 1393 1788 de·
1440 1721 1441 1748 ³

270 1821 367 1886 creta,
381 1821 413 1870 et
433 1807 521 1870 locus
542 1809 788 1891 spectaculorum
804 1807 851 1871 ²in
872 1820 981 1868 senatu
1002 1807 1106 1886 datus,
1124 1821 1157 1870 et
1170 1805 1272 1872 fndus
1297 1829 1393 1892 aequn

265 1895 341 1977 jure
367 1913 560 1976 percussum.
605 1891 644 1954 In
667 1907 825 1975 postremo
850 1892 941 1968 libro,
964 1891 1091 1974 Trogus
1111 1893 1249 1977 majores
1270 1915 1351 1958 suos
1374 1893 1392 1954 i

270 1978 450 2041 ³Vocontiis
472 1977 624 2060 originem
641 1977 776 2052 ducere;
799 1997 893 2042 avum
908 1997 1002 2040 sunm
1017 1977 1161 2062 Trogum
1182 1977 1390 2062 Pompeium,

270 2061 462 2124 ⁴Sertoriano
476 2063 568 2136 bello,
578 2061 738 2126 civitatem
754 2060 843 2126 an.
857 2061 1011 2146 Pompeio
1026 2063 1204 2148 percepisse
1218 2063 1319 2128 dicit:
1334 2087 1390 2149 pa·
1441 2031 1442 2112 l

271 2162 378 2210 uuum
394 2145 614 2209 Mithridatico
634 2147 715 2210 bello
729 2161 849 2210 turmas
863 2149 1006 2230 equitum
1021 2150 1080 2214 sub
1100 2151 1214 2214 eodem
1229 2151 1389 2234 Pompeio
1441 2177 1442 2180 ¹

270 2233 411 2306 duxisse,
420 2245 541 2315 patrem
556 2253 682 2314 quoque
697 2233 755 2296 sub
768 2233 847 2298 Caio
859 2233 981 2296 Caesare
997 2233 1158 2312 militasse,
1165 2235 1388 2318 epistolarum·

222 2385 225 2394 ,
271 2338 332 2400 que
346 2331 378 2382 et
392 2319 608 2402 ⁵legationum,
622 2317 717 2383 simul
731 2334 764 2382 et
777 2320 896 2384 ⁶auuuli
911 2339 1019 2387 curam
1033 2318 1190 2398 habuisse.

678 2461 975 2544 taruannensem.

304 2659 320 2693 a
342 2645 466 2694 Concessit
482 2653 577 2708 pacem,
600 2641 748 2709 terrefactus
767 2654 816 2712 per
872 2645 889 2698 b
907 2645 1091 2704 estenderet
1107 2647 1165 2699 deos
1179 2649 1330 2700 immortales
1352 2670 1391 2709 ers·

270 2713 469 2775 somnumfigurti
477 2715 584 2762 rnub'eris
593 2714 672 2773 irate,
684 2729 737 2776 que
744 2730 769 2762 se
779 2715 815 2761 di·
839 2728 897 2790 rure
908 2729 990 2762 eorum
1000 2717 1109 2764 sulutem.

270 2779 340 2833 celat
349 2779 427 2830 mam.

762 2931 878 2994 NOTAE.

304 3079 531 3146 uramentum
545 3081 650 3132 tributis
664 3082 815 3148 streetigs-
866 3083 883 3134 3
898 3081 1038 3152 Veniensis]
1047 3086 1138 3138 Galliae
1146 3087 1329 3144 Narbonensis
1341 3107 1386 3159 pu·

269 3146 356 3206 libus;
378 3145 491 3199 multllm
509 3149 578 3199 enim
598 3149 713 3201 interest
724 3149 816 3200 civita·
836 3151 916 3218 pulis,
927 3167 984 3218 quet
997 3167 1062 3219 gens
1073 3156 1197 3208 Romanis
1207 3155 1342 3211 foderata

264 3223 325 3266 *mm
335 3215 404 3267 inter
414 3223 442 3266 et
451 3215 658 3266 immunitatem:
671 3217 741 3268 unde
753 3217 818 3268 Sue·
869 3221 887 3269 4
900 3222 1041 3272 Sertoriano
1053 3219 1136 3286 bella]
1149 3223 1227 3279 Quod
1241 3227 1388 3290 Sertorius,

200 3277 206 3291 '
268 3283 357 3348 tonius
370 3282 396 3353 irl
410 3284 547 3347 Augtrstor
569 3285 701 3334 Civitatem
714 3288 816 3348 negavit
836 3299 870 3336 ex
882 3285 1009 3337 Marianis
1021 3288 1149 3354 partibus,
1157 3297 1253 3342 contra
1265 3293 1386 3360 Syllsuos

268 3351 441 3398 instauratorem
455 3351 545 3399 obtuit.
578 3352 688 3400 Romani
706 3351 815 3416 impera-
836 3353 863 3402 in
882 3353 1078 3418 Hispeuibtliu
1094 3355 1165 3406 mira
1179 3355 1340 3412 fortitudine
1355 3372 1384 3413 et

268 3421 342 3464 tores
353 3413 498 3468 Massiliam
509 3417 542 3464 ab
554 3417 624 3466 omni
636 3417 739 3470 tributo
751 3417 815 3471 libe·
835 3418 963 3470 felicitate
981 3422 1075 3487 gessit,
1094 3421 1120 3474 in
1138 3425 1262 3477 convivio
1278 3427 1386 3482 taudem

267 3495 324 3530 ram
336 3493 441 3551 sempep
452 3484 650 3534 conservarunt.
838 3486 955 3552 Pompeii
963 3484 1045 3553 jussu
1055 3496 1173 3543 necatus,

302 3547 362 3596 2In
375 3560 463 3600 renata
479 3550 571 3613 darae]
592 3553 650 3600 Hoc
660 3557 711 3610 est,
723 3550 751 3602 in
768 3551 814 3600 or·
868 3555 1068 3619 negationes]
1080 3556 1238 3624 tegrenses
1246 3562 1386 3628 srrseipere

267 3611 441 3673 dissuasere
452 3616 479 3666 in
489 3617 547 3666 loro
556 3617 590 3668 ad
601 3617 699 3670 theatri
710 3615 813 3668 radices
835 3618 883 3669 sub
900 3621 1093 3685 posterioribus
1110 3623 1279 3692 principibus
1291 3643 1386 3682 munus

266 3693 351 3732 scena
362 3682 533 3744 prosternes
542 3699 595 3750 quo
607 3684 761 3748 spectabant
770 3686 813 3736 Se·
834 3683 1019 3754 suitMsgistri
1027 3686 1183 3748 officiorum.

265 3749 384 3820 natore's,
397 3751 437 3800 lta
445 3750 812 3816 Suetonius,speetareinequi·
866 3753 990 3806 GAnnuli
997 3746 1101 3820 aarum]
1110 3757 1147 3809 ld
1156 3760 1276 3814 muneris
1288 3764 1387 3831 Agrip.

266 3821 300 3873 te,
317 3811 347 3864 id
361 3821 412 3873 est,
430 3813 457 3866 in
474 3817 643 3884 equestribus
660 3819 811 3870 subselliis:
852 3836 872 3870 at
882 3827 912 3872 et
922 3823 1063 3876 Maecenati
1073 3822 1385 3892 abnue-onomaton-

264 3879 811 3954 utrertultisnss,armamemereqstre,
833 3901 882 3936 sno
901 3885 1099 3956 bvespssisno,
1118 3895 1302 3954 commissum.
1335 3901 1385 3951 En

263 3941 317 3998 hoc
328 3953 380 4010 est,
391 3947 615 4006 nonesteriortbus
627 3953 726 4006 theatri
731 3955 811 4008 locis.
832 3955 922 4008 Mene.
982 4007 991 4023 ,
