2894 4920
413 273 509 340 arn.
526 273 587 340 x1.
631 247 734 342 'cna
752 277 840 344 vu.

33 467 35 518 t
66 439 217 529 'emplum
239 445 393 526 humatos,
408 447 519 511 statuis
540 447 736 530 equestribus
751 447 1115 535 donavit,·cognutisque
1131 466 1186 514 eo·

32 583 34 598 2
80 553 148 595 rum
170 534 381 595 immunitates
403 533 502 596 dedit.
547 540 620 600 Post
635 531 798 598 victoriam
823 535 935 620 ¹major
953 555 1023 618 pars
1041 537 1128 598 Asioe
1145 535 1186 600 ad

31 671 33 678 ,
79 637 149 680 cum
166 619 291 681 defecit.
335 611 443 682 Gessit
458 630 490 683 et
506 622 594 704 plura
613 622 782 686 bellacum
798 621 968 705 'praefectis
990 620 1091 698 Darii,
1106 643 1186 704 quos

31 717 33 738 ³
73 704 140 788 jam
152 723 212 766 oon
228 705 411 782 tamarmis,
426 702 519 787 quim
532 719 649 770 terrore
664 710 799 771 nominis
813 709 861 770 tui
874 708 960 770 vicit.

30 785 32 808 ³
121 789 218 852 CAP.
231 791 311 854 Vll.
325 790 407 854 Cum
422 791 486 856 hac
499 807 644 876 aguntur,
658 793 781 856 interim
799 793 916 856 indicio
930 792 1045 876 captivi
1061 781 1101 858 'ad
1113 814 1186 856 eum
1197 811 1313 862 German

77 873 223 950 defertur,
236 876 365 940 insidias
388 879 417 938 e'i
433 877 485 956 ³'ab
502 880 686 942 Alexandro
707 880 867 961 Lyncista,
884 901 999 961 genero
1016 879 1280 962 Antipatri,'{⁰‘{“”⁸
1295 879 1343 958 cpt-

77 961 129 1042 qui
155 964 348 1046 praepositus
368 961 566 1026 Macedoniae
593 979 670 1041 erat,
697 967 809 1048 parari.
854 967 907 1029 Ob
937 987 1030 1048 quarn
1061 947 1331 1054 cpusamm‘w‘u‘·

75 1049 198 1124 timaus,
212 1071 252 1110 ne
268 1049 340 1131 quis
363 1048 526 1113 interfecto
548 1071 586 1112 eo
608 1051 648 1132 in
664 1049 854 1112 Macedonia
877 1067 980 1113 motus
996 1051 1140 1126 oriretur,
1154 1051 1188 1114 in

73 1134 203 1196 vinculis
226 1155 299 1196 eum
322 1134 441 1196 habuit.
487 1135 563 1197 Post
589 1135 653 1198 haec
674 1137 847 1199 ‘¹Gordium
873 1139 981 1200 urbem
1010 1137 1097 1220 petit,
1118 1151 1188 1220 quae‘

73 1221 172 1303 posita
186 1235 234 1282 est
251 1221 332 1284 iuter
347 1221 515 1302 Phrygiam
529 1221 680 1305 majorem
693 1240 724 1284 et
739 1221 911 1286 minorent
928 1223 1017 1308 cujus
1034 1225 1119 1285 urbis
1132 1245 1187 1306 po·
1248 1255 1251 1260 ·

71 1307 188 1369 tiundae
204 1327 264 1369 non
281 1321 344 1369 tarn
366 1325 493 1390 propter
514 1309 653 1391 praedam
679 1309 794 1392 cupido
815 1329 888 1371 eunt
911 1311 1004 1393 cepit,
1018 1310 1074 1371 sed
1097 1307 1186 1392 qubd

71 1393 211 1456 audierat
223 1395 254 1455 in
266 1395 303 1454 eal
316 1393 403 1469 urbe,
419 1392 449 1454 in
462 1395 580 1477 templo
591 1392 693 1476 Jov'is,
703 1396 818 1478 jugum
828 1395 962 1478 plaustri
977 1394 1090 1458 Gordii
1103 1397 1186 1478 posi·

70 1491 157 1552 tum;
174 1481 264 1564 cujus
278 1500 395 1543 nexum
409 1481 435 1542 si
452 1480 524 1564 quis
540 1481 694 1558 solvisset,
710 1501 783 1543 enm
796 1485 860 1544 toti
874 1481 954 1544 Asia
970 1496 1185 1564 regnaturum,
1245 1537 1253 1548 .

69 1565 195 1647 antiqua
211 1567 335 1628 oracula
357 1566 520 1629 cecinisse.
566 1567 674 1651 Hujus
696 1569 742 1629 rei
765 1587 859 1630 causa
881 1583 912 1630 et
933 1567 1024 1650 origo
1046 1567 1097 1630 ina
1113 1565 1184 1631 fuit.

71 1649 212 1713 Gordius
233 1649 307 1714 edm
333 1651 365 1714 in
391 1651 441 1712 his
463 1653 643 1732 regionibus
665 1653 765 1714 bubus
787 1655 950 1716 conductis
972 1667 1072 1714 araret
1097 1663 1186 1715 'aves

68 1757 143 1798 eum
156 1735 259 1798 omnis
275 1736 398 1817 generis
419 1736 643 1798 circumvolare
664 1739 834 1818 caeperunt.
878 1737 1040 1800 Profectus
1057 1740 1095 1800 ad
1112 1761 1185 1800 con·

67 1823 218 1884 sulendos
233 1841 368 1903 augures
381 1822 491 1884 vicinae
507 1821 605 1898 urbis,
616 1823 742 1884 obviam
758 1823 789 1884 in
804 1826 891 1904 portal
907 1822 1014 1884 habuit
1029 1822 1187 1904 virginem

67 1908 193 1970 eximiae
208 1908 469 1991 pulchritudinis:
493 1905 690 1990 percontatus
706 1927 786 1986 earn,
802 1929 896 1990 quem
917 1906 1114 1990 potissimum
1131 1929 1186 1971 au·

68 2011 179 2075 gratem
196 1995 389 2058 consuleret:
416 1993 478 2068 illa,
494 1991 601 2056 auditis
616 1993 707 2055 causa
722 1995 915 2068 consulendi,
935 2014 1030 2074 gnara
1047 1995 1122 2056 artis
1142 2011 1186 2056 ex

67 2078 230 2163 disciplina
250 2095 424 2162 parentum,
439 2099 569 2162 regnum
588 2079 616 2142 ei
632 2079 788 2162 portendi,
803 2081 981 2163 respondit:
1007 2080 1185 2162 pollicetur·

68 2183 127 2246 que
143 2185 178 2228 se
194 2182 226 2229 et
244 2167 446 2242 matrimonii,
462 2181 493 2227 et
514 2165 581 2247 spei
604 2168 734 2228 sociam.
778 2165 859 2228 Tam
883 2159 1184 2248 pulchrattonditm,

66 2251 169 2333 prima
191 2252 278 2336 regni
302 2251 434 2316 felicitas
457 2251 632 2314 videbatur.
684 2253 758 2314 Post
782 2251 917 2333 nuptias,
940 2251 1021 2314 inter
1043 2246 1183 2335 Phrygas

66 2355 134 2402 orta
155 2339 271 2402 seditio
294 2338 351 2400 esl.
397 2337 639 2402 consulentibus
662 2338 701 2400 de
726 2339 785 2399 fine
808 2337 1037 2400 discordiarum
1057 2341 1182 2402 oracula

64 2425 305 2509 responderunt,
315 2445 417 2508 regem
429 2423 593 2489 discordiis
608 2435 683 2506 opus
692 2419 776 2486 csse.¹
793 2421 909 2484 lteratb
922 2425 1129 2504 quarentibus
1141 2426 1181 2487 de

66 2523 198 2593 persona
219 2508 330 2592 bregis,
347 2512 498 2594 jubentur
520 2529 594 2570 eum
615 2528 723 2592 regem
746 2509 923 2582 observare,
946 2527 1041 2588 quem
1064 2511 1182 2572 reversi

66 2595 207 2680 primitur
224 2596 257 2659 iu
271 2599 422 2679 templum
440 2593 530 2676 Jovis
542 2609 666 2656 euntem
680 2597 817 2676 plaustro
829 2593 1027 2692 reperissent.
1057 2595 1182 2657 Obvius

66 2681 126 2746 illis
142 2682 286 2746 Gordius
295 2679 372 2761 fuit,
388 2679 557 2764 statimque
573 2699 646 2742 eum
659 2701 766 2764 regem
783 2681 985 2743 consalutant.
1010 2667 1067 2740 Ille
1082 2681 1181 2762 ‘plau
1213 2695 1214 2698 ’

65 2783 178 2846 strum,
200 2789 264 2852 quo
285 2769 411 2832 vehenti
437 2787 570 2852 regnum
595 2767 735 2829 delatum
758 2765 873 2842 fuerat,
896 2768 927 2828 in
950 2768 1066 2849 templo
1091 2766 1181 2846 Jovis

65 2855 215 2938 positum,
228 2851 505 2942 majestati'regiae‘
523 2853 728 2917 consecravit.
773 2855 847 2916 Post
869 2851 1063 2918 herculius
1086 2851 1181 2926 Mida
1220 2890 1224 2894 -

474 3025 774 3076 INTERPRETATIOr

107 3189 108 3196 ¹
200 3165 202 3170 ’
230 3183 247 3220 a
261 3171 372 3221 Volaenes
385 3171 459 3220 amnis
467 3173 569 3234 geneda
580 3169 705 3231 coepdrmnt
715 3170 784 3217 circa
795 3167 861 3218 suam
873 3168 964 3217 valane.

230 3237 248 3286 b
259 3237 302 3287 De
312 3241 364 3304 itero
376 3251 436 3302 rege
448 3237 506 3286 scil.
519 3243 589 3300 quem
600 3235 709 3284 habituri
719 3237 770 3284 sint
780 3233 883 3299 regent?

560 3387 675 3438 NOTAE.

96 3503 112 3553 1
123 3503 214 3570 Major
221 3509 283 3566 pora
294 3497 383 3569 Acie]
407 3499 523 3556 Sardeis‚
534 3498 611 3548 Trnl-
634 3497 724 3548 misit:
738 3495 786 3548 sed
798 3497 942 3557 Asisernes,
955 3495 980 3548 in
992 3497 1035 3548 viat
1047 3497 1063 3547 d
1078 3499 1183 3548 Parme*

62 3565 122 3632 leis,
139 3572 283 3634 Ephesum,
301 3569 476 3634 Magnesiam,
491 3567 608 3632 aliasque
630 3565 710 3629 ⁸nin'ne
723 3565 938 3629 comprehensus,
949 3579 1005 3615 rem
1018 3571 1181 3630 totampate-
1251 3583 1254 3588 ’

63 3638 143 3688 urbes
157 3636 293 3688 deditione
305 3635 384 3700 cepit.
532 3647 555 3680 ‘a
633 3631 703 3684 fecit
740 3633 872 3682 Diodorus
884 3629 961 3681 addit
971 3632 1151 3684 Alexandrum
1163 3631 1180 3682 a

94 3703 112 3752 2
136 3706 196 3754 ciam
215 3700 368 3769 presteris]
388 3698 524 3765 Praecipue
549 3715 608 3750 curn
636 3707 717 3750 matre
732 3701 803 3750 Darii
820 3700 872 3756 hdo
890 3699 923 3750 de
940 3709 971 3750 re
988 3701 1113 3751 monitum
1132 3713 1180 3766 per

62 3773 214 3826 Memnone,
225 3783 301 3833 quem
319 3775 380 3834 post
399 3783 459 3818 acre
475 3773 609 3818 certamen
636 3768 733 3816 literas.

61 3837 170 3904 expulit
186 3839 282 3890 Mileto
300 3845 328 3888 et
347 3835 530 3886 Halicarnasso
540 3855 546 3892 ;
566 3835 609 3882 ubi
668 3838 686 3884 4
698 3834 835 3898 Gordium]
845 3833 942 3883 Urbem
952 3848 1052 3902 magna
1062 3833 1180 3900 Phrygiae

61 3905 240 3956 Macedonum
257 3905 404 3962 fortissimi.
419 3909 446 3953 et
464 3901 609 3952 Memnonis
636 3899 669 3950 ad
682 3903 834 3967 Sangarium
847 3899 966 3951 flurium.

62 3983 89 4022 et
100 3971 233 4038 Ephialtis
247 3971 412 4024 Atheniensis
424 3969 532 4030 virtute,
543 3970 599 4018 ceci
668 3972 840 4020 SPlauatrum
849 3965 862 4032 ]
872 3969 954 4019 Multi
962 3966 1059 4036 jugum
1068 3965 1180 4031 plaustri

62 4039 172 4094 derunt.
190 4040 247 4090 Ifaec
259 4041 333 4090 Diod.
349 4040 450 4091 uarum
461 4049 485 4088 et
497 4039 547 4086 alti.
635 4035 776 4103 legendum
790 4045 888 4100 putant.

95 4107 164 4160 Mt
180 4109 326 4158 ausonam
342 4104 480 4174 hyrcana]
501 4104 553 4161 Qui
565 4117 610 4154 nu·
668 4099 884 4165 dilabantium]
894 4102 1090 4154 SiMidnscom
1099 4097 1181 4163 Pbry-

63 4187 110 4237 per
123 4175 158 4226 de
172 4174 288 4238 Philippi
308 4181 391 4224 morte
403 4181 551 4238 suspectus,
562 4185 610 4236 per
637 4171 713 4236 gibus
726 4175 749 4224 in
762 4171 854 4221 Asiam
867 4171 980 4230 transiit,
993 4180 1022 4218 ut
1034 4168 1111 4218 multi
1123 4181 1180 4232 per-

66 4243 203 4307 Amyntam
220 4243 299 4290 Dario
314 4239 482 4308 significavit,
492 4253 521 4288 se
535 4237 611 4288 Alex·
634 4239 734 4300 hibent,
745 4237 816 4302 til-ius
836 4237 915 4287 Godii
931 4251 991 4286 ense
1009 4249 1057 4284 non
1075 4235 1179 4298 potnit:

65 4310 187 4370 andro,si
198 4309 393 4372 vetranionem
405 4307 553 4362 illaturum3
566 4307 608 4355 cui
635 4305 669 4355 de
692 4320 746 4371 quo
765 4303 914 4356 fabulantur
932 4305 1025 4368 putta,
1046 4301 1180 4368 quidquid

65 4373 160 4426 Durine
175 4393 224 4442 per
236 4375 394 4436 Asisemem,
404 4383 433 4424 et
450 4372 610 4423 Macedoniae
637 4371 754 4422 manibus
767 4372 911 4439 attigisset,
923 4369 951 4420 in
969 4383 1060 4420 aurum
1075 4383 1181 4422 conver·

64 4451 186 4510 rognum,
197 4453 226 4498 et
242 4441 314 4496 mille
331 4442 437 4510 insuper
448 4441 545 4495 talenta
553 4455 612 4508 pro·
634 4437 794 4493 sumfuisst.
