2924 4918
409 285 564 362 rran.
609 295 822 378 ennxiv,

64 465 197 532 Probata
219 456 358 542 chaellis,
374 465 545 532 Mardonia
561 468 715 536 exereitus
731 467 882 540 traditura
906 467 1039 550 reliquas
1059 469 1166 554 copias

61 573 117 616 rex
131 556 199 636 ipse
215 555 361 616 reducere
378 554 409 616 in
420 575 551 636 reguum
568 572 665 635 parat.
681 557 684 564 ⁴
697 555 761 618 Sed
776 556 889 630 Greci,
901 555 1005 621 audita
1020 557 1103 638 regis
1114 555 1164 619 fu·

62 642 110 720 gri,
125 640 287 702 consilium
312 640 418 702 ineunt
441 641 541 722 pontis
564 642 821 722 interrumpendi,
840 660 933 723 quem
955 639 1006 702 ille
1033 639 1165 721 ¹Abydo

61 725 160 790 veluti
176 726 272 788 victor
286 727 381 786 maris
393 725 528 800 fecerat;
546 741 579 790 ut
592 727 886 801 intercluso'reditu,
900 742 952 789 aut
964 745 1035 788 cum
1047 729 1165 790 exerci-

60 822 95 872 tu
111 811 264 872 deleretur
276 837 284 884 ς
301 826 354 874 aut
367 814 579 892 desperatione
594 828 711 886 rerum,
723 833 830 895 pacem
843 812 944 874 victus
956 827 1060 894 petere
1073 833 1165 896 coge·

59 909 154 958 retur.
178 895 207 955 Si
219 899 240 958 d
253 897 483 958 Themistocles
494 898 631 974 ²timens,
640 919 677 960 ne
688 900 845 960 interclusi
860 897 965 960 hostes
977 897 1166 978 desperatio·

59 1000 128 1042 nem
147 981 177 1042 in
194 984 341 1046 virtutem
359 1000 526 1056 verterent,
541 999 572 1044 et
583 987 653 1057 iter,
665 985 751 1064 quod
767 983 856 1044 aliter
871 1005 932 1044 non
946 981 1168 1062 paterculerro

60 1065 287 1148 patefacerent;
311 1068 389 1129 satie
410 1069 518 1130 multos
538 1070 637 1130 hostes
651 1071 687 1130 a'n
704 1069 821 1130 Gracia
844 1089 997 1134 remanere
1011 1067 1168 1144 dictitans,

59 1170 110 1212 nec
131 1153 244 1237 angeri
267 1171 423 1215 neniarum
446 1154 601 1222 retinendo
625 1167 780 1238 oportere;
803 1152 876 1216 cum
894 1171 1017 1216 vincere
1037 1155 1168 1215 consilio

59 1255 182 1300 caeteros
193 1261 253 1300 non
266 1255 381 1320 posset,
391 1241 523 1304 eundem
533 1260 659 1305 servum
670 1242 710 1302 ad
722 1239 859 1302 Xerxem
871 1239 977 1315 mittit,
986 1241 1084 1302 certio
1120 1259 1167 1300 m·

59 1341 117 1404 que
128 1325 251 1408 consilii
261 1325 355 1399 facita
370 1340 487 1388 etoccu
509 1347 560 1388 are
573 1329 735 1388 transitum
745 1323 1046 1410 maturatbfugtijub
1068 1397 1088 1408 Η
1149 1345 1168 1386 e
1191 1349 1224 1401 η·
1251 1342 1256 1349 ’

59 1411 219 1489 perculsus
235 1413 354 1485 nuntio,
369 1407 464 1474 tradit
480 1347 612 1476 ‹iucibus
628 1413 743 1475 milites
759 1411 993 1504 perduoendps3
1012 1409 1079 1492 ipse
1091 1431 1167 1474 curn

58 1489 164 1574 paucid
182 1497 320 1577 Abydon
336 1497 505 1560 contendit.
525 1477 533 1528 ⁸
550 1495 617 1574 Ubi
634 1519 706 1563 cum
724 1499 859 1560 solutum
884 1485 1009 1578 panteni
1029 1495 1168 1560 hibernis

58 1583 293 1662 tempestatibus
315 1582 505 1659 offendisset,
530 1584 692 1664 piscatoria
719 1583 831 1665 scapha
854 1583 1008 1663 ³trepidns
1033 1582 1166 1664 trajecit.

58 1661 135 1728 Erat
150 1687 201 1728 res
216 1668 391 1750 spectaculo
405 1669 512 1750 digna,
525 1685 556 1728 et
570 1669 774 1733 aestimatione
788 1668 880 1730 sortis
896 1668 1047 1743 humanae,
1060 1687 1167 1730 rerum

57 1753 208 1812 varietate
233 1753 391 1822 mirandae,
412 1752 443 1812 in
471 1751 587 1833 exiguo
611 1754 757 1815 latentem
778 1753 885 1813 videre
910 1753 1047 1832 navigio,
1071 1772 1167 1831 quem

57 1833 153 1916 paulb
170 1831 241 1898 ante
254 1837 309 1896 vix
323 1856 429 1918 aequor
443 1856 535 1897 omne
551 1836 709 1916 capiebat;
725 1850 880 1898 carentem
897 1836 989 1896 etiam
1002 1837 1088 1897 omni
1103 1856 1166 1897 ser·

57 1939 169 1982 vorum
187 1921 373 1996 ministerio,
387 1921 478 2004 cujus
493 1923 660 1996 exercitus,
675 1937 800 2004 propter
822 1919 1168 1994 multitudinem,cerrie

59 2025 170 2086 graves
185 2021 283 2067 erant.
309 2005 380 2068 Nee
391 2007 587 2088 pedestribus
596 2007 705 2091 copiis,
715 2029 791 2088 quas
803 2003 935 2068 ducibus
947 2007 1168 2088 assignaverat,

58 2089 180 2153 felicius
195 2091 256 2152 iter
271 2091 350 2163 fnit;
374 2092 532 2173 siquidem
555 2093 738 2174 quotidiano
753 2092 850 2153 labori
874 2091 991 2176 (neque
1006 2091 1091 2176 enim
1106 2091 1170 2154 ulla

58 2191 103 2237 est
120 2177 331 2238 metuentibus
346 2174 452 2259 quies)
468 2179 561 2240 ctiam
579 2179 679 2242 sames
696 2191 878 2240 accesserat.
901 2175 1095 2240 ²Multorum
1112 2179 1168 2238 de·

58 2258 130 2322 inde
158 2261 283 2324 dierum
306 2263 409 2344 inopia
431 2278 626 2327 contraxerat
651 2279 682 2326 et
711 2279 851 2346 pestem:
879 2276 1024 2343 tantaque
1047 2261 1168 2326 soeditas

58 2347 258 2408 morientium
282 2347 353 2422 fuit,
375 2362 410 2409 ut
430 2351 486 2410 via
509 2346 713 2412 cadaveribus
734 2348 947 2428 implerentur,
966 2348 1116 2429 alitesque
1136 2360 1168 2410 et

58 2431 174 2507 bestiae,
190 2433 342 2494 illecebris
353 2433 523 2508 solicitatae,
536 2434 708 2496 exercituin
722 2445 936 2514 sequerentur.
965 2509 969 2516 μ

99 2515 204 2580 cAP.
222 2515 315 2580 XIV.
341 2517 471 2580 interim
496 2517 685 2581 Mardonius
706 2519 737 2580 in
760 2517 881 2580 Gracia
901 2515 1091 2597 ⁴Olynthurn
1113 2531 1324 2582 erc-Marmara

58 2617 185 2685 pugnat.
233 2601 443 2664 Athenienses
459 2622 585 2686 quoque
600 2605 631 2664 in
647 2605 845 2684 spem-pacis,
865 2600 1097 2685 amicitiamque
1119 2602 1211 2664 re·⁰‘¹
1220 2601 1311 2650 Plure-

58 2688 104 2768 gis
119 2688 267 2762 solicitat,
281 2687 436 2771 spondens
458 2688 586 2750 incensa
608 2709 718 2750 eorum
734 2689 818 2750 urbis
838 2687 932 2750 etiam
954 2687 986 2748 in
1001 2688 1103 2772 majus
1117 2668 1313 2782 roffi'flssffi

58 2773 264 2836 stitutionem.
309 2771 516 2856 Posteaquam
540 2775 624 2836 nullo
646 2775 746 2857 pretio
759 2774 932 2836 libertatern
948 2773 1034 2836 videt
1050 2775 1098 2836 his
1114 2795 1228 2848 vom„
1238 2802 1266 2848 ,·„

57 2861 169 2935 nalem,
192 2859 339 2922 aucensis
360 2858 430 2941 qtiae
451 2859 604 2923 aedificare
627 2875 789 2942 cuperant,
815 2859 920 2941 copias
947 2857 978 2920 iu
999 2859 1165 2923 ⁶Boeotiam
1175 2863 1269 2916 Anae

58 2944 214 3009 transiere.
258 2943 309 3008 Εὸ
336 2959 368 3007 ct
394 2947 575 3010 Graecorum
603 2946 759 3008 exereitus
787 2946 842 3028 qui
868 2943 1007 3006 ⁷centum
1032 2947 1167 3012 millium
1175 2933 1291 3050 gam?

366 3162 372 3184 .,
455 3081 779 3206 {interpausatio}

59 3282 105 3386 drea
114 3271 215 3322 Deinde
221 3273 299 3336 pestis
305 3279 471 3336 peracte-ert
477 3277 524 3336 per
531 3274 674 3330 enudetur,
683 3273 822 3336 obambiunt
830 3276 1024 3324 commeatuum
1030 3278 1079 3338 per
1085 3273 1170 3322 maban

96 3355 113 3386 8.

551 3423 665 3474 NO’PAE.
680 3477 683 3482 ,

90 3571 104 3622 1
129 3570 243 3639 nayda]
266 3573 336 3626 Urbs
360 3582 402 3626 est
425 3573 547 3652 Phrygiae
569 3575 603 3625 ad
658 3573 910 3641 dolyntlrum.]Non
927 3574 952 3626 in
965 3575 1170 3636 Graecid,seditt

59 3639 232 3706 Bosphorum,
255 3657 324 3692 nnnc
337 3655 395 3692 'arx
415 3642 602 3704 munitissima,
627 3643 882 3702 macedonianus
901 3643 988 3694 Athon
1006 3649 1171 3706 monterium

60 3719 153 3756 unaex
165 3708 342 3758 Dardanellis.
375 3711 459 3760 Ardor.
627 3713 718 3760 urbem
733 3710 855 3760 Pallenen
868 3711 919 3761 sita
931 3722 979 3761 est.
1017 3713 1120 3763 Olinthc.

89 3771 106 3822 2
120 3775 229 3835 armam,
240 3791 271 3824 ne
278 3777 415 3833 interclusi,
428 3773 485 3838 ae]
497 3778 604 3827 contra·
660 3779 793 3826 blacernis
801 3794 854 3840 quae
863 3778 1057 3842 aedificaremus]
1069 3783 1090 3828 Ε
1100 3776 1171 3830 nsvi-

59 3839 123 3890 rium
134 3841 297 3894 consuluisse
309 3841 515 3894 Themistoclem
525 3852 605 3894 testa·
627 3843 676 3890 bus
687 3843 756 3893 enim
768 3843 879 3906 egressi,
889 3846 981 3899 domos
992 3859 1039 3910 per
1050 3845 1171 3914 hyemem
1253 3887 1255 3892 ,

60 3911 100 3957 tur
110 3905 282 3958 Plutarchus.
626 3918 901 3975 extruerecoeperant.
1056 3959 1058 3965 ,

90 3977 105 4026 3
118 3975 246 4040 Trepidns
258 3975 375 4041 trajecit]
394 3975 516 4027 Pedestri
528 3974 604 4027 ilinc·
661 3977 803 4026 bBoeott'am
817 3973 961 4044 transfert]
981 3982 1021 4030 Ex
1031 3979 1083 4030 unit
1094 3983 1171 4044 parte

60 4055 86 4090 te
106 4045 133 4092 in
154 4041 247 4090 Asiam
271 4058 331 4092 eum
355 4045 460 4112 reliquo
483 4043 603 4095 exercitu
628 4045 731 4097 Atticae.
748 4043 879 4094 exaltata
898 4044 1172 4104 thesaurizantem,
1249 4105 1252 4112 Δ

61 4109 188 4170 pervenit,
200 4125 234 4158 ee
243 4111 329 4160 Herod.
341 4113 386 4176 qui
399 4119 487 4160 tamen
499 4126 533 4161 ex
543 4111 604 4161 alio·
628 4113 690 4160 mari
709 4111 863 4162 Chalcidico
876 4111 994 4174 alluitur,
1004 4115 1066 4164 olim
1077 4111 1171 4173 Aonia,

60 4187 115 4224 rum
133 4178 266 4225 sententia
286 4177 368 4226 refert
379 4181 493 4228 Xerxem
511 4193 603 4228 navem
627 4193 696 4228 nunc
710 4181 867 4242 Stramula'pa.

62 4241 219 4292 Phoenissam
244 4243 437 4306 conscendisse,
455 4245 603 4310 Persisque
660 4243 923 4310 romanaerium]
943 4247 990 4296 Ee·
1000 4245 1088 4296 aaron.
1107 4247 1172 4296 Fue-

61 4306 197 4368 plurimos.
210 4309 271 4358 dum
287 4324 358 4359 navis
371 4313 404 4361 ob
417 4311 527 4366 nimium
545 4327 605 4374 pon-
629 4319 688 4362 runt
700 4313 782 4364 38700
793 4313 883 4377 gravis
892 4316 1037 4370 armaturae,
1046 4313 1173 4372 350001e·

62 4370 111 4422 dus
133 4376 339 4438 periclitaretur,
353 4377 383 4428 in
403 4377 501 4431 lluctus
524 4379 606 4444 presi·
629 4378 667 4426 vis
698 4387 846 4432 armaturae.
866 4385 895 4428 et
926 4377 1011 4428 34500
1032 4379 1172 4438 sociorum,

63 4437 143 4494 liisse.
628 4447 651 4493 T
654 4443 887 4510 bespiensiumquc
904 4443 978 4507 1800,
989 4443 1061 4512 quod
1074 4446 1104 4494 11
1119 4459 1174 4509 my-
