2894 4920
142 247 204 308 rn
751 235 937 322 Jusrrur

143 425 242 476 Beuum
301 411 395 498 pauli)
411 408 481 476 ante
497 407 650 476 adversita
666 409 876 486 Demetrium,
897 405 1072 473 ²assiduum
1089 403 1170 469 inter
1184 423 1273 488 pares
1288 404 1420 470 discor·

143 493 239 574 Pyr-stt
249 502 283 573 θ’,
303 501 361 562 diae
376 499 503 572 mal'um,
518 496 633 558 bellum
650 510 799 558 moveret.
831 495 955 558 ¹Victor
971 489 1189 574 Lysimachus,
1203 491 1294 573 pulso
1314 491 1419 573 Pyrr·

88 634 92 644 ,
168 561 290 675 ‘22:223‘
302 585 354 660 ho,
384 583 607 646 Macedoniam
639 595 852 664 occupaverat.
913 578 990 640 inde
1020 576 1173 650 Thraciae,
1197 598 1232 638 ac
1257 577 1419 660 deinceps

143 695 220 756 my,
301 670 474 732 ²lleracleae
490 669 605 734 bellum
630 667 791 729 intulerat:
815 665 906 749 cujus
931 664 1015 728 urbis
1039 677 1071 724 et
1086 661 1219 724 initiaet
1233 665 1345 724 exitus
1362 664 1418 726 ad·

142 757 292 811 Α-Μ-3766-
302 755 459 818 mirabiles
481 753 592 827 futre;
620 753 733 837 quippe
758 751 884 814 Boeotiis
910 748 1081 832 pestilentia
1104 747 1317 809 laborantibus
1345 769 1416 810 ora·

142 823 289 941 glr'bffi}
302 843 405 904 culum
430 831 561 920 Delphis
583 839 794 920 responderat,
808 837 953 898 coloniam
975 834 1009 896 in
1026 834 1119 895 Ponti
1142 832 1267 916 regione
1287 855 1416 894 sarram

140 927 294 1011 Angcffi
304 927 432 999 Herculi
446 925 615 1011 conderent.
660 921 746 984 Ciam
761 937 887 1004 propter
908 936 1027 980 metum
1045 921 1142 1000 longa
1168 941 1201 980 ac
1226 919 1415 1000 periculosae

299 1011 526 1092 navigationis,
545 1023 681 1072 mortem
711 1009 743 1068 in
772 1009 870 1087 patriai
903 1005 1046 1067 omnibus
1079 1004 1338 1086 praeoptantibus,
1361 1027 1411 1066 res

299 1097 415 1162 omissa
431 1096 662 1171 essen'bellum
678 1093 727 1155 his
745 1088 920 1154 Phocenses
941 1090 1129 1153 intulerunt:
1157 1086 1311 1170 bquorum
1338 1089 1412 1152 crim

298 1179 428 1244 adversa
444 1183 547 1263 praelia
560 1195 749 1262 paterentur,
769 1177 879 1240 iterato
902 1177 943 1238 ad
962 1177 1120 1238 oraculum
1144 1175 1339 1249 decurrunt;
1360 1197 1408 1237 re·

297 1287 458 1349 sponsum,
470 1268 546 1330 idem
562 1265 640 1340 betti,
653 1263 921 1349 quodpestilenlioe
935 1261 1095 1324 remedium
1095 1259 1182 1344 fore.
1218 1258 1327 1342 Igitur
1338 1283 1410 1324 con·

298 1353 412 1434 scripti
427 1353 606 1414 colonorum
630 1369 734 1423 manu,
756 1350 787 1408 in
811 1347 945 1417 Pontum
969 1346 1073 1420 delati,
1090 1347 1198 1408 urbem
1218 1345 1410 1410 Heracleam

297 1437 516 1498 condiderunt.
561 1431 604 1512 E't
621 1434 767 1515 quoniam
780 1431 914 1494 fatorum
932 1432 1077 1512 auspiciis
1094 1431 1124 1492 in
1137 1435 1188 1492 eas
1201 1431 1292 1492 sedes
1311 1432 1408 1494 delati

297 1537 384 1582 erant
399 1523 485 1598 brevi
501 1535 641 1602 tempore
658 1524 785 1598 magnas
801 1539 875 1600 opes
891 1517 1054 1598 paravere.
1100 1515 1205 1578 Multa
1219 1515 1338 1584 deinde
1352 1518 1410 1580 hu·

292 1605 346 1691 jus
363 1606 447 1669 urbis
462 1604 614 1671 adversim
632 1603 778 1670 finitimos
793 1603 882 1677 bella,
899 1602 995 1663 multa
1017 1603 1111 1662 etiam
1134 1603 1320 1666 domesticae
1345 1605 1410 1666 dis·

231 1687 235 1691 ’
297 1691 552 1762 sensionismala
586 1691 686 1754 suere.
715 1733 719 1740 ,
743 1689 829 1750 inter
850 1703 958 1750 caetera
981 1686 1154 1770 magnilica,
1176 1688 1225 1748 vel
1247 1689 1408 1771 praecipue

279 1777 375 1841 'illud
405 1777 614 1840 memorabile
633 1767 713 1844 luit:
738 1771 836 1836 ‘Cum
864 1795 969 1848 rerum
993 1775 1166 1856 potirentur
1190 1773 1406 1837 Athenienses

295 1863 450 1944 victisque
465 1862 584 1936 Persis,
600 1861 727 1934 Graeciae
750 1875 781 1921 et
804 1857 891 1922 Asis
913 1861 1064 1922 tributum
1087 1859 1118 1919 in
1140 1859 1270 1920 tutelam
1295 1860 1405 1922 classis

296 1949 543 2030 descripsissem,
557 1948 700 2008 omuibus
716 1946 827 2026 cupide
844 1945 884 2006 ad
899 1945 1079 2026 praesidium
1097 1943 1202 2006 salutis
1218 1964 1281 2005 suae
1298 1945 1405 2008 conse·

294 2033 455 2108 rentibus3
478 2033 535 2094 soli
557 2031 782 2102 Heraclienses,
806 2030 846 2090 ob
868 2030 1037 2092 amicitiam
1056 2049 1166 2110 regum
1192 2027 1407 2110 Persicorum,

295 2109 490 2180 collationem
511 2117 715 2178 abnuerant-⁵
734 2113 856 2176 Missus
879 2115 982 2196 itaque
1006 2115 1044 2175 ab
1069 2114 1316 2182 Atheniensibus
1341 2118 1404 2180 La·
1440 2155 1441 2160 κ

294 2201 423 2264 machus
439 2223 510 2264 eum
526 2201 667 2262 exercitu
683 2200 723 2262 ad
738 2203 985 2282 extorquendum
1002 2201 1087 2282 quod
1102 2202 1291 2284 negabatur‘3
1315 2203 1405 2281 dum,

293 2287 410 2352 relictis
425 2288 456 2348 in
480 2287 583 2349 littore
599 2286 739 2360 navibus,
755 2307 845 2368 agros
862 2286 1113 2348 Heracliensium
1129 2287 1308 2368 populatur,
1325 2289 1404 2351 clas·

210 2427 215 2442 ,
246 2373 248 2380 ‘
292 2393 359 2436 sem
383 2373 455 2433 c'um
474 2374 591 2457 majore
611 2388 696 2456 parte
715 2371 870 2435 exercitiis
893 2371 1053 2453 naufragio
1077 2372 1243 2453 repentina
1264 2387 1403 2456 tempes-

292 2457 367 2527 tatis
381 2459 494 2520 amisit.
549 2459 660 2540 ltaque
676 2457 752 2520 cum
767 2477 867 2538 neque
884 2458 961 2520 mari
978 2471 1091 2540 posset,
1113 2456 1234 2519 amissis
1259 2462 1403 2538 navibus,

292 2563 393 2625 neque
416 2547 495 2606 terri
518 2539 657 2620 auderet,
679 2566 751 2606 cum
774 2546 867 2625 parvi
889 2563 983 2614 manu
1005 2543 1085 2605 inter
1115 2557 1160 2605 tot
1188 2541 1400 2608 ferocissimas

292 2645 411 2710 gentes,
427 2631 559 2702 reverti;
582 2629 814 2691 eHeraclienses
838 2628 1046 2691 honestiorem
1070 2627 1210 2690 beneficii
1233 2629 1330 2730 quim
1356 2635 1402 2694 ul·

290 2715 384 2776 tionis
400 2715 593 2776 occasionem
609 2715 679 2790 rati,
703 2713 867 2776 instructos
885 2714 1120 2791 commeatibus,
1141 2714 1337 2796 auxiliisque
1351 2719 1401 2780 di·

265 2872 269 2883 .
290 2800 436 2860 mittunt:
465 2801 550 2860 Bene
567 2819 713 2878 agrorum
729 2817 858 2858 suorum
877 2800 1107 2880 populationem
1135 2799 1318 2881 impensam,
1342 2825 1401 2866 ex·

266 2909 268 2913 ¹
291 2881 463 2948 istimantes
476 2883 502 2946 si
516 2905 595 2966 quos
609 2883 714 2944 hostes
730 2883 913 2961 habuerunt,
927 2883 1044 2946 amicos
1056 2883 1277 2971 reddidissent.

696 3047 994 3098 INTERPRETATIO.

322 3160 492 3219 aDiscorrlia
504 3175 555 3222 pue
568 3160 655 3206 malum
666 3167 702 3206 eet
721 3155 782 3207 oriri
794 3175 830 3208 ec·
854 3159 916 3208 Arici
929 3168 953 3206 et
968 3159 1063 3207 Graecia
1076 3159 1234 3208 adtuendam
1245 3163 1354 3214 classem.

289 3225 357 3274 linem
368 3229 433 3274 inter
439 3235 523 3288 porea,
533 3229 689 3274 excitaverat
698 3227 788 3274 belham.
885 3225 904 3273 d
916 3227 1005 3275 Arndt
1022 3227 1128 3284 classem,
1140 3227 1275 3291 naufragio
1288 3237 1399 3282 excitate

323 3291 376 3338 in
391 3297 478 3352 quibas
494 3307 546 3340 eum
561 3295 587 3340 in
602 3295 692 3356 preliis
705 3296 828 3342 vinceren-
850 3291 868 3342 d
881 3297 1007 3356 repentine
1021 3300 1167 3356 tempestates*

288 3365 338 3416 roc,
351 3359 477 3406 consulunt
486 3361 616 3406 oraculum.
884 3374 899 3408 e
912 3361 1079 3410 Heraclienses
1096 3361 1244 3422 arbitrantes
1256 3364 1305 3412 eibi
1317 3367 1399 3416 bonee-

319 3437 335 3471 c
352 3423 411 3472 Cum
422 3425 579 3474 Atlanticum
596 3435 675 3474 errent
689 3429 714 3474 in
732 3427 828 3474 Gracia
851 3428 899 3474 tiu-r
915 3428 968 3476 illos
979 3425 1101 3490 beneficiis
1111 3427 1217 3490 officere,
1229 3432 1299 3492 quem
1311 3435 1399 3484 alcisci

286 3489 343 3556 aliie
351 3495 505 3552 potentiores,
515 3505 539 3542 et
550 3495 640 3541 Persic
648 3497 777 3556 superatis,
786 3495 829 3540 inr-
850 3495 964 3558 injurios.

281 3560 419 3619 posternat
437 3561 552 3610 embolum
569 3560 648 3608 sociis
663 3564 705 3622 qai
719 3571 791 3609 eram
803 3564 829 3609 in

731 3689 732 3696 ¹
777 3669 889 3720 NOTAE.

318 3775 333 3824 1
354 3779 434 3828 Vterer
450 3777 632 3843 Lysimachus]
655 3781 718 3829 Post
735 3777 823 3842 fugam
851 3779 904 3839 dis,
926 3779 1070 3830 Thessaliae
1093 3793 1173 3845 prope
1194 3781 1325 3846 Asopum.
1374 3787 1398 3836 5.

282 3843 398 3894 Demetri
413 3847 528 3909 Pyrrhus
541 3845 663 3896 diffidens
677 3848 825 3896 Macedoni-
850 3849 939 3909 Cariae,
951 3847 1018 3896 inter
1034 3845 1157 3896 Miletum
1170 3854 1199 3896 et
1214 3849 1284 3898 ostia
1300 3851 1398 3902 Maean-

282 3907 331 3960 bus
353 3911 508 3974 Lysimacho
535 3923 635 3977 partem
664 3915 824 3964 Macedoniae
850 3914 892 3962 dri
907 3913 987 3964 fluvii.
1021 3913 1208 3964 6.Chersonesi
1219 3916 1351 3978 Tauricae,
1364 3920 1398 3970 ad

282 3985 461 4028 concesserat:
483 3977 824 4042 sedbellopaoldpostor·
852 3981 1000 4030 Maeoticam
1026 3981 1153 4045 paludem.
1200 3983 1224 4034 ἵ.
1251 3983 1345 4048 Syriae,
1369 3987 1398 4036 in
1434 4045 1435 4048 Ἴ

281 4051 319 4106 to,
331 4044 388 4094 tota
409 4045 566 4096 Macedonia
585 4045 601 4096 a
622 4046 777 4110 Lysimacho
790 4061 822 4096 ex
849 4047 1016 4110 Cyrrhestica
1028 4046 1140 4112 regione.
1158 4049 1181 4097 8.
1193 4049 1325 4111 Thraciae,
1340 4069 1398 4118 qua
1434 4065 1435 4074 ¹

268 4111 435 4174 pulsasset.
849 4121 877 4161 et
896 4115 1031 4164 Perinthus
1046 4111 1062 4162 ὲ
1080 4113 1219 4165 Ptolemaeo
1236 4115 1351 4180 dicitur,
1369 4121 1398 4170 in

256 4177 259 4180 ’
315 4175 497 4240 Heraclea]
527 4177 673 4244 Multiplex
694 4175 753 4230 soit.
801 4183 822 4230 1.
850 4177 1170 4244 ori'l'r·oponti‹lis,lrrter
1187 4185 1352 4248 Byzantium
1370 4197 1399 4236 et

280 4243 383 4308 Magnae
395 4236 499 4296 Graeciae
517 4243 543 4294 in
560 4247 684 4295 hircania.
718 4249 741 4296 2.
762 4249 821 4296 Pon·
849 4248 1006 4312 Callipolim,
1017 4247 1049 4294 de
1062 4247 1115 4314 qui
1127 4249 1170 4298 hic
1182 4249 1398 4314 loquitur-lusti·

279 4309 311 4367 ti,
325 4309 351 4359 in
368 4313 501 4378 Bithynia.
534 4313 558 4364 3.
577 4313 823 4372 Macedoniae,inter
849 4317 989 4367 nus:Tres
1000 4314 1198 4366 etiamfuirunt
1209 4316 1235 4367 in
1246 4318 1374 4386 AEgypto.
1433 4389 1434 4392 Ἴ

278 4375 443 4440 Lychnidum
460 4390 487 4432 et
499 4379 642 4434 AEdessam.
675 4385 699 4432 4.
711 4380 823 4434 Phtioti-
