2924 4918
114 231 138 288 c
718 207 946 346 '‘Jusrtnr'r
1022 187 1026 200 '

115 398 180 447 Ant
190 399 265 450 2049.
274 396 376 484 palam
391 407 535 474 trccure,
547 407 596 460 tot
607 415 643 460 nc
657 393 751 462 tantis
766 395 911 479 gentibue
925 393 982 460 vix
1000 395 1154 478 patienm
1166 393 1223 460 uni
1237 393 1320 477 viro,
1332 415 1388 461 ne·

115 467 221 584 ’ζῶα
272 485 353 546 dum
365 480 507 562 feminee,
519 482 678 566 parituris,
694 483 833 546 ²sitnulat
845 503 879 546 se
892 501 950 566 pro
965 501 1063 546 uxore
1080 481 1174 561 Nini,
1189 480 1310 557 titium,
1332 505 1391 568 pro

185 567 193 582 '
273 567 410 647 lumine,
433 587 578 651 puerum.
624 569 712 632 Nam
733 583 764 632 et
785 581 904 634 statum
925 567 1051 650 utrique
1070 565 1252 645 mediocris,
1273 581 1305 632 et
1327 587 1392 633 vox

273 654 390 740 pariter
405 655 540 738 gracilis,
553 669 585 718 et
599 655 860 721 lineamentorum
876 654 1010 738 qualitas
1025 653 1119 718 matri
1133 673 1170 718 ac
1186 651 1251 716 lilio
1264 653 1391 720 cimilia.
1453 729 1454 734 γ

274 740 379 826 igitur
389 741 515 806 brachia
526 761 563 804 ac
577 762 668 806 crura
683 741 879 820 veinrncntis,
891 753 985 826 caput
998 740 1078 804 dart
1092 739 1191 824 tegite
1206 751 1240 804 ct
1253 759 1293 802 nc
1309 761 1393 805 novo

169 857 175 871 =
273 825 383 892 babitu
401 827 522 908 aliquid
543 828 698 892 occultare
720 827 893 907 videretur,
914 827 1030 890 eodem
1051 839 1164 890 ornntu
1185 837 1218 888 et
1238 826 1392 910 populum

168 966 172 982 ι
272 912 382 978 vestiri
400 913 509 996 jubet:
533 933 629 996 quem
645 933 767 978 momrn
781 913 879 978 vestie
900 909 1017 976 exind&
1041 933 1119 998 gens
1132 912 1279 978 universa
1293 927 1392 976 tenet.

272 999 327 1063 Sic
338 997 455 1083 primis·
464 997 562 1062 initiis
577 1019 688 1064 sexum
702 999 844 1076 mentita,
858 1019 938 1084 puer
950 1019 1019 1062 esse
1035 999 1155 1062 credita
1169 1010 1229 1061 eet.
1252 997 1395 1082 Magrus

273 1084 390 1150 deinde
404 1085 586 1168 respersit:
603 1105 738 1168 querum
751 1084 968 1170 amplitudine,
980 1084 1034 1151 ubi
1047 1084 1203 1150 invidiam
1213 1099 1394 1168 superatam

272 1183 373 1254 putat,
388 1190 457 1253 quae
479 1170 520 1234 sit
534 1169 661 1250 fatetur,
676 1167 812 1254 quemve
828 1171 1017 1236 simulasset.
1062 1171 1133 1234 Nec
1150 1170 1211 1234 hoc
1225 1169 1272 1232 ilii
1287 1171 1394 1254 digni·

272 1269 371 1320 tatem
385 1255 475 1340 regni
488 1256 625 1332 ademite
647 1259 705 1320 sed
720 1257 961 1322 admirationem
974 1255 1081 1332 ausim
1097 1253 1186 1340 quod
1201 1255 1317 1320 mulier
1330 1277 1395 1322 non

157 1341 163 1347 “
273 1341 415 1406 seminas
437 1341 859 1418 modovirtute,sedetia1n
875 1343 961 1406 viros
982 1343 1157 1413 anteirent
1171 1341 1250 1404 Haec
1271 1341 1395 1426 ²Baby·

273 1428 391 1492 ioniam
405 1427 558 1506 condidit,
573 1429 767 1513 muritmque
782 1429 851 1492 urbi
868 1441 957 1492 cocto
976 1428 1073 1492 latere
1087 1427 1310 1506 circumdedit,
1323 1450 1395 1492 are·

272 1534 320 1576 nae
335 1514 404 1578 rice
423 1513 576 1578 bitumine
598 1516 793 1580 interstrato:
818 1535 889 1598 qua
910 1515 1042 1578 materia
1057 1514 1090 1578 in
1105 1513 1168 1578 illie
1179 1514 1260 1578 locis
1274 1515 1395 1598 passim

274 1597 293 1662 ὲ
310 1601 391 1662 terri
402 1614 561 1664 exaestuat.
585 1601 693 1666 Multa
704 1615 737 1665 ct
751 1603 811 1666 alia
824 1595 970 1686 praeclara
979 1599 1077 1686 hujus
1088 1599 1204 1684 reginae
1214 1597 1320 1664 fuere.
1344 1601 1396 1662 Si·

183 1704 184 1713 ¹
273 1685 405 1768 quidem
427 1707 488 1748 nun
503 1699 647 1752 contenta
666 1688 837 1770 acquisitos
850 1687 921 1752 viro
934 1685 1024 1771 regni
1044 1687 1197 1750 terminos
1215 1685 1310 1764 tueri,
1324 1685 1396 1750 ³AE-

272 1769 426 1856 thiopiam
442 1793 568 1856 quoque
585 1773 724 1858 Imperio
740 1773 868 1860 adjecit·
907 1771 971 1836 Sed
986 1787 1019 1836 et
1032 1773 1148 1838 unde
1163 1771 1292 1836 ‘bellum
1303 1771 1395 1836 intu-
1453 1845 1454 1850 ἵ

272 1859 331 1932 lit;
355 1857 421 1941 qud
437 1874 548 1940 prater
567 1855 653 1922 iilam
674 1877 707 1922 et
723 1857 945 1922 Alexandrum
968 1856 1129 1940 Magnum
1144 1877 1238 1920 nemo
1253 1857 1394 1922 intravit.
1453 1861 1454 1890 ³

273 1942 329 2008 Ad
343 1958 550 2028 postremum,
564 1942 639 2006 ctim
653 1942 853 2006 concubitum
871 1941 927 2004 filii
942 1941 1095 2024 petiisset,
1110 1943 1149 2005 ab
1160 1939 1272 2010 eodem
1282 1940 1396 2008 ⁶inter·

114 2029 513 2107 'nitteostfectaesnduos
524 2027 772 2114 etquadraginta
781 2049 877 2092 anuos
887 2043 958 2112 post
970 2027 1094 2090 Ninum
1104 2027 1320 2177 reffnopotita.
1338 2029 1395 2097 Fi-

104 2113 220 2236 &elic
274 2115 336 2180 iius
346 2115 416 2200 ejus
427 2111 748 2198 Niuyas,¹’contentus
757 2110 1130 2199 elaboratodparentibus
1162 2112 1395 2199 mperiossueui

599 2335 600 2340 ,
682 2289 984 2340 tttruitriiurnrto.

507 2399 525 2450 b
539 2402 670 2452 ciniensi
681 2417 758 2466 regno
767 2403 842 2452 ornde
851 2403 971 2465 acquisito
983 2397 1162 2464 dperentidut.

769 2537 885 2588 noros
956 2593 957 2598 ,

267 2671 269 2681 ·
310 2631 505 2706 sitientium]
531 2646 823 2700 ansimiieveronon
880 2641 1083 2708 aetiopiam]
1098 2643 1203 2707 Duplex
1212 2649 1263 2704 eet,
1273 2643 1397 2708 superior

274 2711 381 2762 ridetur
391 2731 397 2758 z
409 2707 469 2760 crim
478 2711 578 2776 Ninyas
589 2711 732 2764 infantulus
741 2712 827 2774 esset,¹
844 2718 874 2759 et
886 2710 1001 2759 inferior.
1035 2711 1123 2756 Prima
1135 2709 1184 2758 sub
1196 2711 1311 2774 Egypto
1323 2710 1397 2762 inter

274 2785 353 2828 natus
366 2778 492 2828 extremis
508 2781 571 2829 Nini
584 2781 760 2844 temporibus:
779 2779 824 2830 Se·
846 2776 939 2826 Nilum
950 2785 978 2826 et
989 2774 1070 2824 linum
1084 2775 1237 2833 Arabicum,
1251 2775 1398 2839 departitio.

273 2843 393 2894 miramis
406 2843 469 2895 verti
480 2863 513 2896 eu·
522 2849 597 2896 Diod.
610 2854 671 2894 nata
683 2861 763 2895 annos
776 2845 823 2904 213
845 2842 937 2893 Altera
954 2842 1024 2892 ultra
1041 2843 1212 2906 AEquctoruni
1229 2841 1399 2905 extenditur,

274 2908 438 2976 quippequec
446 2913 574 2978 dunspcm
585 2913 822 2978 liberosllypatem
843 2917 871 2960 et
889 2909 1005 2976 antiquis
1024 2907 1192 2976 ignotuotuit,
1209 2910 1399 2978 Monnmetopffi

272 2986 302 3028 et
315 2978 466 3044 Hydaspem
479 2995 513 3028 ex
527 2984 639 3029 Metione
653 2987 823 3043 susceperat:
848 2979 941 3042 Congo,
955 2977 1004 3026 ltu:

273 3043 823 3116 pretereanotaeratomnibusobresges-
876 3043 1003 3106 tntae]
1025 3042 1096 3094 Asia
1111 3043 1187 3112 regio
1205 3043 1276 3096 inter
1293 3041 1395 3097 flumen
1450 3071 1452 3112 f

273 3121 316 3164 tus
329 3115 528 3164 inBact'rianos.
843 3111 980 3162 Indnmad
989 3113 1130 3173 Occisum,
1179 3113 1272 3162 Secum
1283 3109 1395 3163 durium

307 3181 491 3244 2Bntyiont‘om
500 3179 632 3246 condidit]
644 3179 822 3232 inchoatamd
843 3179 876 3230 ad
894 3181 987 3230 Ortum
1005 3184 1126 3241 extensa,
1178 3195 1208 3229 as
1225 3179 1252 3230 in
1268 3183 1359 3244 potes
1378 3175 1396 3230 d

272 3247 337 3296 Belo
351 3247 531 3312 amplificavit,
545 3257 575 3298 ut
591 3249 705 3298 Niniven
722 3248 739 3299 d
753 3249 821 3300 Nino
845 3251 936 3313 Gange
948 3247 1035 3296 divisa
1047 3253 1097 3296 ent.
1131 3249 1260 3298 Indoeton.

272 3313 407 3363 conditam
426 3323 573 3378 superaret.
607 3319 746 3366 Mttrornrn
770 3332 824 3366 am·
877 3317 1005 3366 5Beiinm
1019 3311 1126 3378 intulit]
1145 3315 1217 3366 eunt
1230 3311 1332 3380 ingenti
1349 3328 1396 3364 ex·

272 3379 346 3430 bitus
357 3379 474 3431 erot865
485 3382 643 3432 stadiorum:
662 3383 776 3434 altitudo
789 3387 822 3436 50
842 3384 928 3433 eroitu
950 3380 1134 3446 Staprnbatem
1153 3381 1278 3432 indorum
1300 3395 1395 3448 regem

269 3461 424 3513 otgyorum,
437 3449 525 3509 idest,
536 3449 668 3511 ulnarum,
680 3469 714 3500 ex
725 3453 820 3502 Plinio:
844 3449 913 3502 bello
925 3449 1078 3507 lacessitus
1093 3455 1123 3502 ct
1133 3463 1195 3500 eum
1207 3448 1257 3506 bis,
1270 3448 1355 3498 semel
1368 3447 1395 3498 in

269 3515 386 3566 testitudo
402 3516 542 3581 aliquando
559 3517 619 3582 plus
636 3518 727 3582 spatii,
739 3517 818 3584 quini
842 3517 908 3568 ludo
932 3513 1040 3566 flumine
1063 3515 1154 3582 praelio
1174 3513 1270 3574 navali,
1293 3511 1395 3564 iteriim

270 3569 375 3632 duobus
394 3585 518 3634 curribus
537 3586 602 3635 satis
625 3595 706 3646 esset,
722 3587 822 3636 obtine·
842 3584 986 3635 certamine
1004 3582 1127 3633 terrestri
1144 3582 1222 3633 vicit:
1244 3581 1293 3632 sed
1312 3579 1395 3646 pauli>

271 3647 329 3698 bnt:
347 3657 434 3700 turres
447 3659 522 3702 erent
536 3655 592 3703 250,
626 3655 697 3703 Inter
715 3665 820 3704 murum
842 3651 905 3718 pdst
917 3651 950 3701 ab
963 3667 995 3701 eo
1008 3651 1078 3700 victa
1090 3658 1117 3701 et
1128 3650 1190 3702 lasa
1200 3647 1280 3715 fugit,
1292 3647 1395 3700 emissi.
1450 3677 1451 3694 2

269 3725 298 3766 ct
310 3717 403 3768 domos
416 3719 525 3770 eretria
535 3719 646 3770 duorum
659 3721 820 3782 niethnrum,
842 3720 923 3770 tertia
932 3717 1069 3776 exercitiis
1082 3723 1166 3783 parte,
1178 3717 1254 3767 Diod.

271 3783 363 3842 idest,
373 3786 424 3836 200
437 3786 586 3849 pedum,c.c
600 3789 689 3837 Scidit.
710 3791 819 3838 Pontem
876 3786 1042 3850 §interfecta
1053 3785 1108 3847 cst]
1125 3787 1219 3850 Regno
1235 3781 1352 3834 cessisse
1364 3781 1395 3832 ti-
1450 3781 1451 3802 l

268 3867 351 3917 super
363 3853 525 3916 Euphratem
544 3853 579 3903 nd
594 3853 682 3904 stadia
700 3856 750 3907 160
762 3871 822 3918 per·
842 3853 889 3916 iio,
900 3861 929 3904 ct
943 3869 972 3902 se
984 3853 1142 3902 subduxisse
1160 3849 1243 3902 refert
1252 3849 1330 3902 uiod.
1343 3850 1394 3900 scd

269 3919 363 3970 duxit:
377 3925 435 3969 turn
444 3937 480 3970 ex
492 3919 605 3986 utrique
614 3923 703 3986 pontis
712 3923 820 3990 regione
841 3919 922 3972 tidem
935 3920 1042 3971 Justino
1053 3917 1119 3969 fecit
1130 3925 1194 3969 nete
1204 3919 1325 3969 omnibus
1336 3931 1393 3968 rnu-

269 3985 393 4037 extruxit
409 4003 494 4046 arces,
506 3988 576 4037 unde
594 3989 620 4037 in
638 3996 723 4038 totam
734 3990 820 4054 regio·
842 3988 915 4038 lieris
929 3982 1093 4052 improbitas.

270 4067 329 4102 nem
338 4060 510 4118 prospectum
521 4053 643 4106 haberetz
656 4055 752 4106 deinde
763 4057 822 4106 hor·
874 4057 891 4108 7
901 4055 965 4105 Belli
978 4057 1069 4112 studia,
1079 4052 1140 4116 ide]
1159 4052 1281 4104 Instituit
1293 4058 1392 4112 temen,

270 4127 313 4170 tos
325 4121 448 4171 condidit
460 4123 658 4186 ntnoenissimos,
672 4124 716 4174 &c
737 4123 820 4188 Baby·
842 4131 870 4172 ut
877 4121 989 4186 singulis
997 4121 1142 4186 provinciis
1152 4121 1327 4186 imperaretur
1336 4133 1394 4170 cer-

269 4186 312 4236 lon
325 4187 358 4236 ad
370 4189 531 4254 Euphratem
546 4190 681 4246 sita.erat;
700 4205 734 4240 ex
747 4191 819 4240 iliius
840 4196 884 4240 tus
897 4189 1012 4239 militurn
1031 4201 1165 4247 numerus,
1182 4188 1229 4253 qui
1246 4201 1352 4254 semper
1366 4189 1392 4237 in

269 4254 353 4304 ruinis
367 4255 468 4308 Civitas
478 4256 588 4307 condite
598 4257 631 4306 ad
641 4257 819 4322 Tigrimque
841 4257 912 4306 Urbe
924 4256 999 4322 regit
1010 4254 1061 4320 ipsi
1071 4249 1166 4319 prastd
1176 4264 1278 4312 essentr
1291 4255 1392 4322 quibus

268 4321 331 4372 olim
355 4322 476 4376 Seleucia
497 4339 601 4392 magna,
619 4339 700 4396 nunc,
712 4328 820 4390 Bcgdot
840 4331 901 4387 post
914 4337 1008 4373 annum
1024 4322 1213 4383 exauctoratis,
1225 4321 1270 4372 alii
1288 4318 1393 4372 suffice·
1449 4369 1450 4372 ,

174 4455 179 4471 ³
269 4389 380 4442 dicitur.
839 4398 941 4454 rentur,
958 4389 1149 4444 utexcrciturn
1162 4387 1391 4456 semperbaberel
1448 4411 1450 4428 <
