2886 4906
65 355 102 442 ο
129 285 192 348 218
613 359 617 374 s
743 279 932 366 JUSTINI

98 463 255 531 rotarum
292 495 297 512 ι
332 453 434 520 CAP.
449 455 496 518 ll.
514 455 590 520 Post
601 455 773 526 discessum
787 451 1132 530 Ptolemaei,Seleucus,
1142 453 1216 518 cum
1230 451 1412 518 ¹adversris

130 533 224 611 napta.
253 601 258 612 ,
289 541 440 616 civitates,
456 559 527 624 quae
542 523 899 622 defecerantdmgeutem
913 543 1042 602 classem
1056 541 1277 623 comparisset,
1288 559 1410 621 repen·

129 599 332 728 wffte,
347 628 443 690 veluti
464 629 526 690 diis
544 627 620 710 ipsis
641 626 843 710 parricidium
865 626 1106 702 vindicantibus,
1123 627 1190 688 orta
1211 640 1410 708 tempestate

131 701 255 796 affaire}
288 713 418 780 classem
433 713 596 794 naufragio
611 713 726 775 amittit
735 731 746 787 3
766 733 823 773 nec
838 703 1007 794 quicquam
1023 711 1068 774 illi
1084 733 1125 775 cx
1138 725 1225 775 tanto
1240 726 1414 794 apparatu,

130 797 260 878 auarum·
287 805 415 881 ’praeter
428 799 549 862 nudum
565 819 688 880 corpus,
703 814 735 858 et
749 797 905 879 spiritum,
920 813 952 860 et
967 817 1081 877 paucos
1096 796 1252 878 naufragii
1268 797 1410 860 comites

126 870 199 982 {²¹3¹}
205 928 268 980 3811
289 885 431 948 residuos
447 883 570 947 fortuna
586 884 671 946 lecit.
696 883 818 946 Misera
830 883 958 965 quidem
971 904 1032 958 res,
1044 883 1100 945 sed
1116 881 1409 967 optanda'Seleuco

128 966 170 1045 οἱ,
185 964 368 1051 1'342quit:
392 969 549 1052 siquidem
565 971 718 1047 civitates,
733 989 803 1050 quae
813 970 894 1038 odio
909 968 977 1054 ejus
992 969 1032 1030 ad
1049 969 1253 1031 Ptolemaeum
1269 969 1406 1039 transie-

129 1057 468 1132 vincentianarum
483 1056 544 1118 diis
557 1056 683 1122 arbitris
698 1054 891 1117 satisfactum
908 1054 966 1116 sibi
983 1069 1074 1131 esset,
1089 1052 1263 1138 brepentinis
1281 1055 1405 1118 animo-

82 1163 85 1170 *
129 1131 360 1204 mem-tum
383 1143 564 1220 mutatione,
580 1141 610 1203 in
633 1139 787 1224 naufragii
809 1141 1058 1204 misericordiam
1075 1143 1189 1211 'versae,
1208 1139 1343 1222 imperio
1365 1157 1404 1207 se

287 1228 357 1312 ejus
372 1228 549 1292 restituunt.
593 1228 704 1291 Laetus
724 1227 821 1308 igitur
836 1227 925 1290 malis
940 1227 1017 1302 suis,
1032 1243 1063 1287 et
1078 1227 1201 1289 damnis
1216 1227 1316 1289 ditior
1332 1227 1403 1290 red-

287 1313 385 1391 ditus,
399 1315 495 1376 veluti
511 1333 566 1396 par
578 1313 708 1388 viribus,
724 1314 839 1374 bellum
854 1313 1023 1377 Ptolemaeo
1038 1312 1150 1375 iulert:
1170 1313 1239 1387 sed,
1250 1311 1345 1394 quasi
1359 1314 1402 1375 ad

287 1399 458 1462 ludibrium
481 1399 603 1462 tantum
620 1398 752 1461 fortunae
773 1415 863 1460 natus
882 1415 974 1475 esset,
988 1419 1045 1460 nec
1065 1412 1192 1481 propter
1213 1397 1301 1461 aliud
1326 1419 1401 1482 opes

287 1483 376 1564 regni
400 1483 579 1566 recepisset,
602 1505 696 1564 quam
721 1500 757 1545 ut
779 1484 946 1562 amitteret,
961 1484 1065 1546 victus
1086 1481 1204 1566 praelio,
1218 1505 1283 1546 nou
1300 1485 1403 1547 multo

128 1562 276 1620 dM³⁸¹2
288 1565 382 1651 quim
403 1585 473 1652 post
487 1569 685 1650 naufragium
706 1567 892 1643 comitatior,
902 1569 1057 1651 ²trepidus
1073 1569 1278 1632 Antiochiam
1290 1568 1402 1636 confu-

127 1630 344 1748 fflssfflgit.
383 1656 462 1718 lude
478 1655 518 1716 ad
531 1655 726 1716 Antiochum
741 1653 870 1716 fratrem
885 1657 990 1717 literas
1003 1653 1098 1718 facit:
1115 1656 1229 1738 quibus
1244 1655 1404 1720 auxilium
1439 1669 1440 1672 ’

128 1739 357 1826 qnqcpwjus
377 1741 532 1824 implorat,
546 1741 646 1803 oblati
666 1743 695 1802 ei
712 1741 803 1816 Asiti,
818 1742 898 1803 iuter
914 1741 990 1804 lines
1005 1741 1104 1804 Tauri
1125 1743 1250 1816 montis,
1267 1741 1299 1804 in
1318 1762 1403 1825 prae-

287 1829 388 1892 mium
403 1831 473 1892 latae
489 1827 568 1910 opis.
608 1825 786 1889 Antiochus
802 1841 907 1892 autem
923 1825 998 1890 crim
1014 1843 1097 1890 esset
1111 1849 1207 1890 annos
1221 1846 1282 1890 xiv
1297 1843 1402 1914 natus,

286 1933 379 1996 supra
392 1929 513 1980 aetatem
526 1914 614 1996 regni
626 1915 749 1986 avidus,
759 1914 953 1975 occasionem
965 1929 1101 1998 nontam
1114 1915 1165 1996 pio
1177 1910 1399 1996 auimo,quim

286 2000 483 2075 offerebatur,
495 1999 643 2079 arripuit:
661 1999 717 2058 s'ed
731 1997 858 2060 latronis
873 2017 972 2074 more,
987 2013 1087 2062 totum
1104 1998 1330 2082 fratri'eripcre
1347 2021 1399 2062 cu·
1439 2055 1440 2060 ,

285 2084 385 2168 piens,
399 2104 478 2167 puer
492 2084 673 2144 sceleratam
685 2083 870 2166 virilemque
886 2085 982 2145 sumit
993 2084 1168 2150 audaciam.
1206 2085 1308 2148 Unde
1321 2087 1398 2149 ffic-

202 2205 204 2210 ·
285 2191 347 2232 rux
359 2183 407 2230 est
417 2169 674 2252 cognominatus:
689 2169 777 2250 cquia
792 2191 854 2230 nou
869 2169 1017 2245 hominis,
1031 2171 1088 2232 sed
1103 2170 1260 2254 accipitris
1276 2171 1354 2248 ritu,
1369 2173 1399 2234 in

223 2279 225 2284 ·
284 2253 571 2338 alieniseripiendis
582 2255 678 2316 vitam
688 2271 868 2318 sectaretur.
893 2253 1016 2317 Interea
1029 2255 1311 2334 Ptolemaeus,cirm
1322 2258 1394 2320 An-

277 2339 425 2402 tiochum
437 2341 472 2418 in
488 2341 640 2403 auxilium
657 2341 788 2404 Seleuco
803 2341 908 2404 venire
929 2343 1136 2424 cognovisset,
1150 2360 1208 2406 nec
1224 2363 1297 2406 cum
1315 2345 1399 2406 duo-

284 2426 342 2488 bus
358 2447 421 2488 uno
435 2441 574 2511 tempore
587 2427 762 2503 dimicaret,
777 2427 809 2489 in
820 2447 915 2498 annos
930 2430 1042 2492 decem
1054 2449 1127 2492 cum
1142 2427 1275 2493 Seleuco
1286 2449 1397 2513 pacem

284 2509 378 2574 facit:
394 2513 450 2575 sed
465 2532 527 2597 pax
541 2513 580 2574 ab
593 2513 681 2576 hoste
695 2513 768 2576 data
783 2513 995 2596 interpellatur
1010 2512 1028 2576 a
1041 2514 1146 2588 lratre,
1157 2514 1224 2597 qui,
1239 2517 1397 2580 conducto

284 2599 447 2662 Gallorum
471 2601 663 2661 mercenario
685 2599 836 2678 exercitu,
849 2598 922 2682 dpro
943 2601 1062 2667 auxilio
1074 2601 1210 2676 bellum,
1223 2619 1283 2684 pro
1300 2600 1397 2666 fratre

282 2684 417 2761 hostem,
428 2685 609 2768 imploratus
624 2685 776 2748 exhibuit.
800 2685 838 2746 ln
849 2707 888 2748 eo
901 2687 1010 2767 praelio
1020 2686 1135 2750 virtute
1151 2687 1317 2753 Gallorum
1330 2687 1394 2750 vic·

282 2786 333 2832 tor
354 2771 481 2852 quidem
498 2767 675 2832 Antiochus
695 2770 775 2834 fuit:
796 2773 853 2832 sed
874 2772 958 2833 Galli
980 2773 1162 2836 arbitrantes
1179 2771 1347 2836 Seleucum
1365 2776 1397 2836 in

282 2856 391 2938 praelio
414 2856 576 2932 recidisse,
596 2856 626 2918 in
648 2858 749 2942 ipsum
772 2855 967 2920 Antiochum
988 2877 1076 2923 arma
1092 2859 1237 2922 vertere:
1260 2859 1398 2923 liberius

282 2941 498 3022 depopulaturi
524 2940 650 3016 Asiam,
670 2942 696 3002 si
718 2961 844 3002 omnem
867 2943 996 3026 stirpem
1018 2943 1393 3028 regiamexstiuxissent.

283 3025 380 3100 Quod
393 3027 445 3090 ubi
457 3028 553 3088 sensit
565 3025 755 3102 Antiochus,
768 3027 853 3090 velut
864 3025 882 3088 ti
893 3031 1102 3112 pradonibus,
1116 3051 1193 3093 auro
1208 3052 1242 3092 se
1254 3031 1395 3109 redimit,

281 3113 522 3195 societatemque
535 3133 607 3176 cum
623 3113 822 3178 mercenariis
837 3117 902 3178 suis
913 3116 1030 3200 jungit.

581 3345 586 3358 ·
686 3313 983 3380 ruruaeuarnrm.
1436 3371 1437 3430 p

311 3540 327 3572 a
338 3527 375 3574 Et
386 3529 433 3574 vin
449 3529 501 3588 ipre
512 3528 593 3576 riuum
608 3530 697 3582 evasit,
711 3537 736 3575 et
746 3528 831 3576 uitam'
878 3544 892 3576 c
911 3530 977 3588 Quia
990 3544 1092 3590 seqarenr
1106 3533 1201 3594 agendi
1217 3528 1341 3584 rationem
1351 3547 1395 3584 nan

279 3597 388 3642 servituti
406 3609 459 3642 cum
472 3596 562 3658 poncia
578 3597 701 3644 comitibus
719 3594 823 3660 rtorrsrn·
845 3597 954 3655 lotnirtt's,
974 3599 1018 3644 red
1033 3599 1169 3662 accipitris,
1189 3601 1321 3662 cogitabat
1343 3611 1395 3651 tan·

276 3663 322 3722 gui.
418 3675 419 3680 ¹
845 3671 899 3710 tum
913 3659 943 3711 de
954 3663 1043 3727 regnis
1053 3667 1186 3728 eripiendis
1196 3668 1263 3716 aliis.

311 3726 326 3775 b
342 3728 374 3776 Se
383 3731 515 3776 restituunt
529 3729 636 3784 babuco,
648 3733 748 3778 mutatis
762 3733 821 3778 civi·
877 3728 897 3778 d
914 3731 962 3789 Qui
977 3733 1118 3794 imploratus
1130 3747 1177 3780 non
1189 3737 1314 3784 auxilium
1325 3735 1394 3794 tulit,

276 3809 316 3843 rrrn
335 3798 421 3843 animia
433 3803 533 3858 propter·
550 3795 679 3854 irritatam,
698 3795 724 3844 in
742 3811 819 3862 quum
845 3800 889 3846 sed
897 3797 981 3846 nectum
990 3797 1094 3857 intulit;
1107 3815 1151 3850 nec
1162 3816 1188 3850 sc
1195 3804 1278 3864 gessit
1281 3803 1394 3867 prosra·
1435 3833 1436 3838 =

275 3859 399 3911 redactus
411 3872 484 3914 esset
491 3870 539 3924 per·
550 3862 718 3927 uatrfiugirrm
845 3874 890 3924 tre,
903 3865 948 3914 red
953 3873 1000 3942 pro
1009 3867 1083 3916 laste.

671 4031 675 4040 ·
770 3993 884 4066 nors.

306 4167 321 4215 ‘1
336 4165 463 4218 Adversis
474 4167 609 4230 amantea]
628 4167 820 4232 Nouloquitnr
876 4171 891 4221 2
903 4170 1026 4235 Trepidus
1037 4171 1215 4236 Antiochiam]
1224 4175 1265 4226 De
1276 4173 1392 4229 victoria

273 4230 309 4280 de
323 4234 464 4296 Parthicis,
482 4249 539 4300 quae
557 4236 600 4284 uhi
620 4236 702 4286 semel
720 4238 819 4284 Arsace
844 4237 994 4302 Euergetis·
1013 4237 1136 4290 Antiochi
1155 4241 1277 4293 Hieracis
1296 4242 1325 4294 in
1343 4244 1392 4295 fra-

273 4296 380 4348 ducein
395 4303 556 4353 Antiochum
575 4302 747 4363 rebelIArunt,
759 4315 821 4352 uun·
843 4314 910 4354 trem
927 4302 1047 4368 perfidis,
1065 4305 1202 4357 Gallorum
1212 4309 1345 4374 'undecim
1356 4313 1391 4362 ni-

269 4375 352 4437 quam
365 4368 501 4423 redieruut
517 4370 543 4420 in
555 4373 716 4436 potestatem
732 4370 820 4423 Seleu·
843 4371 881 4420 hil
897 4370 995 4420 habent
1010 4369 1056 4421 alii
1075 4373 1221 4424 Historici:
1238 4377 1337 4431 Strabo
1354 4387 1390 4431 ta·

273 4428 399 4485 omarum
844 4450 903 4491 men
914 4436 1092 4503 dissensiones
1105 4439 1203 4496 tranis
1215 4444 1348 4500 meminit.
