2894 4920
738 267 926 370 Jusunr
974 296 976 305 ·

281 455 375 519 esset,
390 443 570 516 exercitum⁴
579 442 632 506 ¹ad
647 441 755 506 urbem
766 461 876 504 eornm
889 439 987 504 ducit.
1015 438 1126 513 Quam
1142 437 1298 500 desertam
1309 433 1401 500 ade·

282 529 553 602 lensonbusscum
562 531 603 592 de
616 549 718 602 muro,
728 547 822 610 quern
836 527 955 610 pnasua
966 538 1100 607 ceperat,
1111 523 1401 602 animadvertisset,

283 617 315 678 in
332 616 417 678 urbis
437 615 596 700 planitiem
621 615 688 676 sine
707 615 770 675 ullo
784 613 915 674 satellite
927 610 1056 674 desiliit.
1101 609 1212 692 ltaque
1228 607 1303 674 cum
1320 630 1402 672 eum

281 701 387 764 hostes
402 703 502 764 solutu
520 700 763 780 conspexissent,
778 699 912 760 clamore
928 696 1025 771 edito,
1040 695 1178 776 undique
1194 710 1401 771 concurrunt,

281 786 311 848 si
326 786 443 868 possint
459 787 489 846 in
506 807 568 848 uno
583 807 619 848 ce
642 785 684 846 ite
700 783 797 846 Orbis
808 784 888 846 bella
904 782 1003 858 linire,
1018 781 1216 848 eruitionem
1230 795 1277 844 tot
1292 781 1399 862 rgenti·

235 945 237 949 ,
281 872 341 934 bus
358 873 442 936 dare.
468 871 539 944 Nec
555 871 659 932 minus
673 868 857 932 Alexander
870 881 1047 932 constanter
1060 866 1229 944 restitisse
1243 887 1325 931 unus
1342 867 1399 930 ad·

264 956 396 1020 'versrls
415 968 465 1020 tot·
483 956 581 1018 millia
602 956 768 1039 praeliatur.
811 952 1003 1018 Incredibile
1015 953 1103 1016 dictu
1117 967 1175 1029 est,
1189 968 1224 1014 ur
1242 967 1317 1019 eum
1335 972 1398 1015 non

282 1044 452 1106 multitudo
467 1042 617 1118 hostiurn,
628 1061 689 1102 non
699 1041 746 1102 vis
762 1060 875 1122 magna
889 1040 1033 1114 telorum,
1044 1060 1105 1102 non
1120 1051 1223 1100 tantus
1237 1038 1396 1102 lacessen-

281 1129 362 1190 tium
385 1129 502 1190 clamor
523 1127 688 1198 terruerit;
710 1127 795 1188 solus
817 1139 864 1188 tot
885 1125 983 1188 millia
1005 1124 1153 1186 ceciderit
1173 1145 1208 1187 ac
1223 1122 1394 1206 fugaverit.

283 1212 350 1278 Ubi
367 1212 443 1276 rerd
459 1213 550 1276 obrui
567 1210 765 1276 multitudine
781 1231 814 1272 se
830 1210 921 1285 vidit,
932 1225 1042 1274 trunco
1056 1227 1102 1288 ae,
1112 1209 1170 1290 qui
1182 1223 1250 1272 tufm
1266 1223 1395 1293 propter

282 1318 408 1361 murum
431 1300 541 1376 stabat,
556 1297 715 1380 applicuit,
734 1295 826 1378 cujus
847 1295 965 1359 auxilio
986 1310 1083 1372 tutus,
1101 1293 1177 1360 clem
1200 1296 1256 1358 diu
1279 1314 1395 1378 agmen

281 1383 490 1456 sustinuisset,
499 1385 631 1446 'tandem
643 1382 769 1464 cognito
783 1381 922 1464 periculo
937 1381 1018 1464 ejus,
1033 1381 1126 1452 antici
1138 1382 1182 1446 ad
1196 1395 1269 1446 eum
1285 1381 1393 1445 desili·

281 1485 347 1539 unt,
359 1467 522 1549 exquibus
534 1469 622 1529 multi
635 1467 705 1530 caesi
716 1489 724 1528 a
737 1467 944 1550 proliumque
955 1465 1076 1530 tadrdiu
1086 1487 1198 1550 anceps
1208 1465 1279 1544 luit,
1288 1467 1394 1549 quoad

281 1554 385 1616 omnis
409 1555 575 1628 exercitus,
598 1554 698 1615 muris
719 1551 862 1634 dejectis,
882 1553 914 1616 in
937 1552 1091 1617 auxilium
1114 1553 1245 1618 veniret.
1291 1554 1331 1616 ln
1354 1576 1392 1616 eo

280 1639 385 1724 prelio
401 1640 513 1721 sagitta
535 1641 593 1702 sub
616 1641 752 1722 mamma
772 1637 922 1721 trajectis,
936 1657 1010 1702 cum
1022 1639 1191 1721 sanguinis
1206 1638 1295 1702 fluxu
1310 1639 1391 1704 ,det-

280 1741 375 1800 ceret,
390 1747 472 1808 genu
488 1725 590 1809 posito
604 1739 668 1786 tam
684 1723 740 1786 diu
753 1725 910 1805 praeliatus
925 1739 984 1801 est,
998 1723 1098 1787 donec
1110 1745 1196 1801 curn,
1205 1722 1228 1785 ,ὲ
1244 1739 1309 1808 quo
1325 1727 1391 1790 vul·

268 1827 404 1874 uenatus
427 1810 540 1888 luerat,
554 1811 723 1874 occideret.
764 1809 910 1874 2Curatio
930 1811 1067 1874 eulaeus
1089 1811 1214 1894 gravior
1227 1811 1306 1895 ‘ipso
1319 1814 1390 1890 ,vul-

213 1927 217 1938 ,
279 1917 352 1960 uere
369 1898 438 1960 l'uit.
1290 1937 1301 1960 ,·

324 1982 427 2044 eAP.
442 1981 483 2042 X.
502 1981 613 2061 Itaque
629 2001 669 2041 ex
682 1977 795 2061 magna
807 1980 1020 2064 desperatione
1034 1982 1161 2045 tandem
1176 1983 1268 2047 saluti
1284 1985 1388 2048 reddi-

280 2083 341 2140 tus,
355 2067 601 2150 Polyperchonte
617 2085 689 2126 cum
705 2067 845 2128 exercitu
862 2067 1066 2148 Babyloniam
1082 2069 1189 2132 inittit.
1217 2069 1303 2152 lpse,
1319 2093 1388 2135 cum

175 2197 180 2207 .
279 2153 448 2216 lectissima
475 2172 568 2212 manu
595 2151 724 2212 navibus
744 2151 937 2228 ,conscensis
961 2152 1081 2215 Oceani
1106 2154 1209 2238 littora
1236 2173 1387 2240 peragrat.

189 2229 198 2292 .'
280 2236 365 2301 Clam
376 2237 511 2299 venisset
520 2239 559 2300 ad
569 2235 867 2320 urbem³Ambigeri
877 2238 973 2320 regis,
983 2239 1129 2322 oppidani
1143 2239 1295 2306 invictum
1306 2245 1385 2307 ferro

279 2324 451 2399 audientes,
476 2326 603 2406 sagittas
626 2343 746 2384 veneno
768 2338 906 2385 armant:
934 2333 1041 2406 ‘eatque
1064 2326 1107 2388 ita
1129 2323 1256 2408 genrino
1281 2331 1387 2393 mortis

236 2480 239 2484 A
277 2410 418 2486 vulnere,
439 2409 560 2472 hostem
584 2406 602 2469 al
624 2408 722 2472 muris
745 2423 989 2486 summoventes,
1012 2409 1163 2493 plurimos
1187 2412 1386 2480 interficiunt.

280 2495 365 2560 Cum
389 2495 469 2563 inter
491 2495 606 2560 multos
620 2495 799 2562 vulneratus
821 2496 915 2561 etiarn
941 2496 1129 2564 Ptolemaeus
1151 2513 1244 2576 esset,
1259 2501 1386 2567 moritu·

277 2599 395 2664 rusque
413 2581 545 2668 jamjam
562 2581 733 2658 videretur,
748 2601 805 2664 per
820 2582 957 2664 quietem
973 2583 1040 2663 regi
1058 2593 1225 2648 monstrata
1241 2585 1271 2647 iu
1288 2603 1386 2650 reme·

278 2669 331 2731 dia
346 2669 457 2731 veneni
473 2667 567 2730 herba
581 2681 638 2740 cst,
650 2669 711 2748 qui
726 2668 756 2730 in
770 2681 844 2753 potu
856 2669 990 2750 accepti,
1003 2669 1108 2739 statim
1122 2669 1261 2752 periculo
1276 2671 1385 2738 libera·

277 2769 328 2816 tus
340 2769 397 2827 est,
410 2753 572 2836 majorque
584 2772 655 2834 pars
667 2750 823 2814 exercitiis
835 2750 893 2814 hoc
905 2754 1046 2816 remedio
1059 2767 1191 2818 servata.
1212 2755 1385 2842 ,Expugna-

277 2841 308 2902 τᾶ
319 2838 433 2901 deinde
450 2839 536 2916 urbe,
550 2858 694 2901 reversus
706 2836 739 2898 in
754 2857 848 2900 naves
863 2835 1006 2902 *Oceano
1017 2840 1184 2924 libamenta
1192 2841 1295 2923 dedit,
1303 2866 1386 2930 pros·

686 3000 982 3077 rnrunrnnrnrro.
1145 3105 1147 3110 ι
1260 3053 1281 3108 t

310 3181 434 3230 sMultos
451 3179 564 3229 occidunt
581 3187 719 3227 avertentes
731 3180 819 3229 larem
875 3177 1002 3230 bonnaria
1012 3181 1137 3248 rocrffict‘a
1145 3183 1269 3249 Neptuno
1277 3190 1321 3246 dea
1331 3191 1384 3240 Oce·
1431 3199 1432 3252 l

275 3249 293 3299 d
312 3251 394 3306 mitras,
409 3249 462 3295 tells
475 3244 617 3304 venenatis,
631 3243 764 3312 inquibus
778 3247 816 3296 vis
843 3250 892 3296 oni.

276 3325 332 3364 erar
344 3315 426 3361 mortis
431 3317 539 3376 gastine.

767 3465 881 3516 Nom.

309 3617 380 3668 lna
389 3619 470 3668 arbem
481 3616 585 3682 erran]
606 3622 669 3670 Rern
680 3617 761 3684 psul'd
774 3618 819 3670 ali·
842 3609 976 3680 testatem,
987 3620 1052 3672 nisit
1066 3621 1228 3674 discederes
1244 3619 1383 3690 pslelactl,

274 3691 317 3740 ter¹
326 3693 413 3735 narrat
426 3688 560 3737 Arrianus.
595 3687 665 3736 Urbe
678 3688 781 3746 relicta,
792 3685 817 3736 in
840 3701 918 3752 quam
928 3691 1043 3754 quisque
1053 3689 1148 3754 potuit.
1158 3691 1212 3750 vid,
1222 3708 1311 3760 regern
1326 3687 1385 3747 exa·

274 3754 723 3818 arcernsereceperanthydracaes
735 3769 816 3820 narare
840 3754 946 3816 nimern,
966 3755 1064 3822 fugatis
1087 3758 1221 3818 Barbaria,
1244 3759 1270 3810 in
1295 3772 1385 3815 castra
1429 3761 1430 3784 ³

273 3817 434 3883 Alexander,
445 3819 536 3886 ubiad
548 3835 635 3872 arcem
647 3829 754 3872 ventum
766 3831 817 3881 est,
840 3830 916 3872 scuto
928 3823 1087 3877 retulissent.
1303 3864 1305 3870 .

251 3919 253 3926 ,
273 3885 329 3950 ipse
347 3885 391 3934 uni
403 3887 515 3938 militurn
529 3893 635 3952 ereptas
647 3888 733 3940 aedas
743 3905 816 3939 rntno
873 3893 890 3942 2
900 3891 1134 3956 'Carcdsealnera'n
1146 3893 1206 3958 lde]
1217 3891 1286 3946 Cum
1296 3895 1385 3962 apicu-

272 3953 388 4019 applicat
400 3955 558 4019 ⁴primusque
570 3955 730 4006 conscendit.
764 3957 817 4006 Sed
839 3955 892 4004 lum
906 3958 1008 4020 pectori
1027 3957 1134 4008 infixum
1152 3959 1290 4012 humatum
1304 3973 1386 4025 esset,
1428 3979 1429 3982 ’

272 4021 334 4070 ‹lurn
349 4020 386 4070 illi
397 4021 509 4070 celerius
522 4022 715 4088 Argyraspides
727 4037 817 4072 sucur-
839 4023 992 4076 Critobulus
998 4025 1125 4076 bor-tante
1136 4027 1298 4090 Alexandro,
1310 4041 1387 4097 pate-

271 4102 330 4138 rere
348 4088 466 4144 student;
490 4085 582 4138 fractis
602 4090 685 4138 nimio
701 4083 815 4152 pondere
840 4087 997 4142 laotolatids
1007 4087 1123 4152 vulnere,
1134 4093 1328 4155 illudarulsits
1342 4115 1389 4150 rm·

271 4154 359 4213 scalis,
381 4155 406 4203 in
424 4157 519 4204 terram
537 4161 672 4212 annuunt.
706 4156 817 4206 Alexan·
838 4157 1148 4224 detenta'rissangui‘ais
1159 4164 1387 4233 manavit,'utprs

271 4219 319 4270 der
337 4219 436 4291 'entered
448 4211 473 4270 in
490 4235 575 4272 arcem
588 4220 698 4280 desiliit,
711 4221 755 4275 ubl
775 4239 815 4273 co·
839 4223 946 4289 ritortnn¹
954 4213 1057 4274 babitus
1066 4227 1219 4292 aliquandur
1230 4229 1326 4284 fuerit

270 4285 388 4364 ptitibus,
400 4305 467 4355 quos
481 4287 604 4346 babebat,
616 4290 721 4348 occisis,
734 4305 813 4356 grave
870 4294 1023 4356 senonen·
1040 4293 1125 4358 regin]
1147 4297 1250 4348 Arrian.
1262 4301 1388 4354 Ambisa-

269 4365 295 4401 rn
308 4365 413 4416 pectore
425 4356 537 4422 accepit,
544 4357 649 4418 rubus,
655 4372 710 4423 qno
720 4358 745 4408 in
756 4371 814 4410 scu·
837 4358 1026 4417 cinnanum
1035 4361 1297 4431 {liudonrlmbyrsns
1308 4371 1386 4424 om..

269 4427 325 4471 tum
337 4417 479 4486 collapsus,
487 4423 514 4475 iu
523 4424 637 4481 hostiurn
647 4425 760 4478 venisset
769 4429 813 4492 po·
836 4415 943 4480 local..
982 4467 985 4474 .
1008 4467 1012 4478 .
1043 4477 1045 4482 ,
