2886 4906
607 290 641 347 .·
733 287 953 375 Jusrrar.
1025 287 1056 336 ·.

274 481 306 529 et
327 457 567 530 immortalitatis
580 462 678 528 tillem
697 464 798 540 dedit,
814 461 948 546 Alpium
966 460 1104 528 ¹lnvicta'
1112 461 1203 547 juga,
1217 475 1250 526 et
1262 461 1389 547 frigore

273 552 476 614 intractabilia
498 554 565 613 loca
586 546 792 612 transcendit:
816 550 871 626 ibi,
886 541 1014 611 domitis
1033 547 1211 624 Pannoniis,
1225 570 1281 633 per
1302 551 1388 613 mul·

273 653 322 699 tos
336 657 431 700 annus
447 659 517 699 cum
535 638 675 698 finitimis
688 636 774 699 varia
787 635 866 696 bella
882 637 1058 714 gesserunt.
1096 633 1250 698 Hortante
1266 635 1388 698 deinde

274 725 431 799 successu,
450 723 560 785 divisis
582 723 769 806 agminibus,
791 719 1038 794 aliiGraeciam,
1060 719 1112 782 alii
1136 713 1388 790 Macedoniam:

185 849 187 856 ,
274 808 379 870 omnia
394 809 476 870 ferro
491 823 681 890 proterentes
703 808 864 890 petivere:
888 821 1052 888 tantusque
1074 819 1175 868 terror
1195 805 1311 868 Gallici
1330 827 1387 868 no·

273 893 368 956 minis
384 909 459 968 erat,
475 910 509 956 ut
524 896 617 956 etiam
633 914 723 976 reges
739 913 799 954 non
815 891 960 968 lacessiti,
972 891 1179 973 ulttb‘pacem
1195 891 1317 974 ingenti
1334 913 1388 974 pe·

273 980 365 1040 cunii
380 995 599 1042 mercarentur.
624 977 716 1042 Solus
728 999 784 1040 rex
797 979 995 1042 Macedoniae
1012 975 1197 1050 Ptolemaeus
1211 978 1389 1042 adventum

274 1059 437 1128 Gallorum
455 1065 627 1148 intrepidus
649 1065 787 1128 audivit:
799 1064 922 1146 'hisque
939 1083 1010 1126 cum
1026 1063 1135 1147 paucis
1149 1077 1181 1126 et
1195 1063 1386 1146 incomposi-

273 1153 325 1228 tio,
340 1140 428 1232 qdasi
444 1151 523 1212 bella
538 1173 598 1213 non
614 1149 771 1212 difficillius
786 1147 879 1233 quim
898 1150 1014 1211 scelera
1037 1163 1240 1231 patrarentur,
1256 1150 1386 1230 parrici-

274 1233 399 1298 diorum
417 1236 507 1300 suriis
523 1237 668 1319 agitatus,
683 1237 829 1298 occurrit.
875 1235 1096 1297 Dardanorum
1113 1255 1238 1318 quoque
1256 1236 1386 1318 legatio-

272 1341 357 1396 nem,
372 1323 483 1405 viginti
498 1323 595 1384 millia
609 1337 798 1386 armatorum
820 1322 851 1384 in
867 1321 1021 1383 auxilium
1038 1313 1230 1400 offerentem,
1246 1322 1387 1404 sprevit;

273 1408 380 1481 additi
393 1408 519 1489 insuper
535 1409 740 1479 contumelia;
763 1418 876 1470 alacteam
890 1407 927 1468 de
943 1404 1124 1468 Macedonici
1140 1407 1259 1483 dicens,
1273 1409 1305 1468 si
1320 1405 1389 1471 'crim

155 1511 158 1517 ·
231 1564 233 1568 .
274 1503 368 1552 tatum
384 1491 536 1554 Orientem
551 1494 606 1553 sali
618 1493 798 1568 domuerint,
813 1513 893 1555 nunc
907 1493 938 1553 in
954 1492 1118 1553 uindictam
1124 1489 1244 1576 finium
1260 1492 1387 1556 Darda·

272 1579 323 1638 nis·
339 1589 467 1659 egeant:
483 1579 593 1640 milites
607 1599 640 1639 se
654 1577 855 1664 baberefiliaa
871 1579 982 1653 earam,
994 1578 1047 1662 qui
1061 1577 1116 1642 eui
1126 1578 1303 1641 Menandro
1315 1601 1388 1662 rege

273 1665 438 1746 stipendia,
447 1675 506 1728 tata
516 1664 585 1726 orbe
595 1678 747 1727 terrarum
757 1663 1045 1748 eiaterensecerint.
1081 1661 1161 1737 Quae
1171 1659 1223 1726 ubi
1236 1663 1388 1728 Dardano

273 1749 341 1830 regi
362 1752 503 1812 nuntiata
525 1765 606 1824 sunt,
630 1750 779 1832 inclytum
802 1749 880 1812 illud
904 1749 1101 1812 Macedonia
1130 1750 1385 1834 regnum‘brevi,

273 1831 436 1898 immaturi
449 1837 576 1919 juvenis
591 1838 778 1912 temeritate,
793 1857 938 1900 casurum
954 1833 1043 1898 dixit.

84 1907 94 1930 ‘
114 1927 260 1976 Ptolemae
318 1920 421 1982 CAP.
434 1923 477 1984 V.
502 1921 604 2002 Igitur
619 1919 715 1996 Galli,
731 1924 811 1984 duce
830 1923 967 2004 ²Belgio,
983 1921 1023 1982 ad
1044 1923 1206 1985 tentandos
1230 1922 1383 2002 Macedo·

112 1993 134 2044 ’ἲ
149 1995 227 2108 ‘igi'
273 2027 348 2068 num
365 2008 496 2080 animos,
511 2009 629 2088 legatos
645 2007 684 2067 ad
707 2009 911 2070 Ptolemaeum
933 2006 1069 2080 mittunt,
1084 2007 1250 2076 offerentes
1257 2027 1384 2092 'pacem

116 2073 263 2180 miii&
274 2093 299 2152 si
313 2113 415 2152 emere
429 2094 521 2152 velit:
539 2093 595 2152 sed
609 2092 791 2155 Ptolemaeus
807 2095 887 2152 inter
901 2111 985 2165 suos,
1001 2092 1072 2153 belli
1084 2100 1169 2155 metu
1184 2115 1297 2178 pacem
1312 2096 1384 2159 Gal·
1436 2093 1437 2096 ¹

114 2191 156 2240 ot
169 2193 223 2241 125.
235 2197 256 2243 2.
272 2177 319 2240 los
332 2192 439 2259 petere
452 2179 600 2258 gloriatus
613 2192 670 2239 est.
695 2179 765 2240 Nec
779 2177 883 2240 minirs
898 2177 1043 2243 ferociter
1054 2201 1087 2240 se
1099 2179 1220 2260 legatis,
1230 2178 1329 2262 quim
1341 2183 1384 2244 in·

114 2257 260 2310 Urbcatt
275 2278 322 2324 ter
332 2263 449 2324 amicos
460 2265 592 2344 jactavit
605 2290 612 2334 ;
635 2265 726 2327 aliter
740 2287 773 2326 ec
782 2277 887 2346 pacem
902 2265 1044 2324 datarum
1057 2266 1205 2342 neganda,
1219 2267 1284 2328 nisi
1296 2271 1385 2350 prin·

115 2325 263 2386 *⁹¹'0377‘
274 2351 354 2432 cipes
368 2371 438 2412 errae
454 2350 569 2412 absides
585 2351 732 2425 dederint,
747 2363 776 2412 et
791 2371 877 2412 arma
892 2350 1096 2413 tradiderint:
1111 2347 1186 2414 bnon
1200 2353 1281 2414 enim
1295 2351 1386 2440 fidem

240 2437 243 2444 '
273 2457 315 2511 ee,
331 2437 394 2497 nisi
410 2436 574 2499 inermibus
590 2437 773 2498 habiturum.
797 2435 984 2498 Renuntiati
996 2435 1160 2518 legatione,
1172 2437 1272 2500 risere
1290 2441 1386 2517 Galli,
1435 2455 1436 2498 l

247 2527 249 2535 ’
272 2521 412 2602 undique
428 2523 642 2598 acclamantes,
655 2521 739 2584 brevi
751 2522 990 2598 retransmitti
1006 2543 1047 2584 aa
1062 2523 1107 2583 illi
1121 2525 1325 2604 consulentes,
1330 2541 1385 2611 pa-

272 2629 334 2670 cem
350 2609 522 2672 obtulerint·
562 2610 738 2693 Interjectis
754 2610 875 2683 diebus,
890 2609 1031 2690 praelium
1047 2608 1230 2686 conseritur,
1245 2609 1384 2695 victique

273 2693 468 2757 Macedones
485 2696 654 2756 caeduntur.
679 2695 867 2758 Ptolemaeus
880 2692 988 2756 multis
1003 2693 1183 2756 vulneribus
1196 2697 1324 2760 saucius
1337 2720 1384 2761 ca·

271 2781 375 2862 pitur:
398 2794 490 2862 caput
506 2780 573 2862 ejus
594 2795 800 2862 amputatum,
814 2793 847 2840 et
861 2779 966 2840 lancei
982 2778 1091 2855 lixum,
1106 2783 1170 2841 toti
1185 2782 1251 2844 acie
1267 2785 1307 2844 ad
1319 2799 1382 2846 ter·
1434 2819 1435 2856 2

271 2882 375 2926 rorem
391 2865 528 2926 hostium
547 2863 775 2926 circumfertur.
799 2863 921 2926 Paucos
932 2885 972 2926 ex
986 2863 1217 2931 Macedonibus
1230 2866 1307 2951 fuga
1317 2889 1382 2932 ser·
1434 2865 1435 2868 ¹

271 2951 376 3014 ravit:
401 2951 503 3012 caeteri
520 2966 573 3011 aut
592 2951 685 3033 capti,
697 2963 750 3010 aut
764 2949 870 3012 occisi.
911 2948 987 3011 Haec
1002 2969 1074 3012 cum
1091 2952 1231 3015 nuntiata
1244 2974 1302 3036 per
1318 2977 1383 3018 om·

271 3057 343 3098 nem
362 3035 584 3098 Macedoniam
601 3049 715 3110 essent,
729 3049 825 3116 porta
841 3036 966 3098 urbium
982 3034 1300 3114 clauduntur3'luctu
1318 3064 1383 3106 om·

270 3123 323 3184 nia
344 3124 518 3206 replentur:
545 3131 649 3182 ‘nunc‘
663 3121 827 3182 orbitatem
847 3123 1033 3184 amissorum
1059 3122 1194 3184 filiorum
1217 3126 1380 3191 dolebant:

270 3227 352 3270 nunc
368 3207 492 3270 excidia
513 3207 636 3284 urbium
658 3208 854 3276 metuebant:
878 3229 960 3273 nunc
978 3206 1165 3285 Alexandri,
1181 3209 1381 3298 Philippique
1433 3209 1434 3226 ³

270 3297 532 3373 regum'suorum
554 3291 690 3369 nomina,
705 3293 796 3354 sicuti
818 3295 958 3370 numina,
978 3292 1011 3355 in
1034 3295 1185 3357 auxilium
1207 3301 1380 3363 vocabant:

270 3379 401 3439 ambillis
413 3396 449 3440 ae
462 3398 521 3439 non
536 3376 633 3440 coliem
652 3391 742 3452 tutae,
755 3377 861 3440 uertlm
881 3373 971 3441 etiarn
986 3381 1117 3442 uictores
1132 3381 1214 3443 arbit
1227 3396 1382 3448 terrarum

270 3465 435 3550 exstitisse.
478 3461 540 3526 dUt
556 3477 712 3528 tuerentur
720 3466 859 3548 patriam
869 3485 1065 3550 enumquam
1076 3467 1183 3548 glutiri
1196 3489 1300 3532 rerum
1311 3494 1381 3556 ges-

676 3638 713 3686 IN
716 3637 973 3694 TERPRETATIO.

262 3795 266 3799 ,
305 3747 423 3796 alliceret
434 3745 506 3798 brevi
521 3751 658 3814 permiram
670 3747 814 3798 Macedare'·
869 3765 884 3796 c
898 3749 976 3797 ,Merra
988 3750 1243 3802 dolebanteeorbatar
1257 3771 1311 3804 erre
1320 3757 1382 3821 filii:

270 3829 317 3870 um,
330 3830 381 3876 qua
390 3817 487 3864 vicerat
498 3829 585 3863 omues
599 3817 709 3877 populos
727 3817 812 3863 Oriert-
836 3819 862 3864 in
872 3819 955 3879 prelia
967 3818 1059 3865 occide.

270 3883 814 3947 tie,rinonpaaeitdefiudetefineseuosaine
869 3883 888 3932 d
911 3883 1023 3932 Orubunt
1044 3893 1073 3932 ut
1096 3883 1254 3948 defenderent
1274 3894 1382 3952 patriam

249 4009 251 4016 Α
269 3949 408 3997 Dardania.
545 3987 547 3994 .
836 3965 911 4005 arrum,
930 3949 1004 4012 dream
1019 3951 1179 4000 reddidmont
1195 3955 1381 4006 illuni-taimen
1401 4001 1407 4014 ,

303 4013 388 4063 bNan
400 4016 536 4064 labiennum
549 4017 652 4082 eefidem
662 4013 755 4074 Gallis,
765 4017 814 4064 rtiei
835 4025 859 4064 et
874 4019 1071 4077 pateretieer‘marn,
1087 4019 1159 4067 rebat
1176 4019 1194 4069 d
1214 4038 1240 4070 ee
1260 4027 1380 4087 preclare

268 4085 466 4132 eetentinermer.
519 4135 523 4141 ,
555 4129 556 4134 ,
831 4085 919 4146 gartia.

715 4275 719 4279 .
761 4235 875 4294 NOTAE.

868 4386 1376 4457 aargemauraugrsnomenaean
1429 4379 1431 4392 '

289 4386 317 4467 'l
331 4382 526 4456 tanerajugal]
540 4385 760 4454 Melidsreponae
775 4391 841 4501 ier-p·
876 4455 879 4464 ,
938 4453 944 4468 ι
1156 4459 1161 4470 ι
1310 4467 1313 4472 Ι

266 4468 317 4504 vsa.
834 4457 976 4518 Pausanias
989 4459 1345 4532 tamentlelgiumappellpr.
