2886 4906
397 195 488 319 1:113.
506 253 612 318 XXV.
659 253 761 317 CAP.
781 255 841 320 lV.

1182 363 1191 390 ,
1208 369 1211 373 .

56 423 232 506 equitibus,
245 424 327 508 fuge
350 425 528 500 comitibus,
543 421 671 508 repenti
687 424 819 494 fortunae
837 426 1030 490 ornamentis*
1041 427 1172 492 destitu-

60 524 121 585 tus,
137 511 259 576 amissi
271 512 363 593 'regui
378 514 593 594 speculaturus
614 527 772 586 eventum,
787 511 1052 574 ¹Thessolonicam
1068 535 1100 574 se
1121 536 1171 577 re·
1239 553 1243 564 ·

58 596 164 682 sepite
178 611 215 660 ut
225 597 298 658 iude
311 617 383 660 cum
396 599 549 660 coudu'etri
564 598 728 662 Gallorum
742 600 932 662 mercenarii
948 619 1041 660 manu
1056 599 1172 662 bellum

57 698 227 765 repararet·
251 681 373 746 Rursus
388 677 406 743 t
423 682 795 765 Ptolemaeoffiyrrhifilio
809 682 967 746 ²furrditris
977 683 1088 758 victus,
1100 705 1171 747 cum

56 783 179 849 septem
193 770 360 832 comitibus
373 768 508 852 fugiens,
522 791 582 832 nou
593 769 661 854 jam
673 770 878 854 recuperandi
894 771 981 854 regni
993 789 1092 852 spem,
1101 765 1172 832 ised

55 855 167 919 salutis
182 855 314 918 latebras
329 875 364 918 sc
380 853 462 938 fuge
477 855 660 919 solitudines
676 871 788 937 captat.

101 939 206 1003 CAP.
224 942 286 1005 IV.
312 940 431 1024 cIgitur
453 941 604 1020 Pyrrhus,
619 943 649 1002 in
672 957 757 1004 tanto
772 941 912 1024 ³fastigio
930 941 1018 1026 regni
1041 941 1171 1002 colloca·
1179 966 1321 1030 Pyrrum&

55 1037 118 1101 tus,
130 1026 200 1110 jam
216 1047 274 1090 nec
287 1049 337 1102 eo,
351 1027 393 1090 ad
408 1028 494 1108 quod
508 1025 589 1088 votis
609 1027 855 1108 perveniendum
870 1025 983 1104 fuerat,
998 1035 1313 1102 membressitanum

56 1111 202 1210 Qraeciae,
218 1110 371 1194 Asiaeque
382 1133 478 1196 regua
493 1113 674 1176 meditatur.
709 1113 825 1194 Neque
841 1113 885 1174 illi
900 1113 1001 1198 major
1016 1135 1057 1176 ex
1072 1113 1169 1195 impe·
1179 1103 1318 1218 Tim&

53 1217 117 1271 rio,
130 1195 230 1283 ‚quim
247 1217 289 1262 ex
306 1198 388 1260 bello
402 1200 543 1283 voluptas
561 1213 646 1262 erat:
669 1219 726 1260 nec
742 1200 908 1281 quisquam
925 1200 1094 1282 Pyrrhum,
1109 1200 1217 1282 quio,
1230 1201 1285 1284 1'97'
1300 1200 1326 1281 ιζ

53 1283 179 1381 tulisset
194 1287 358 1368 impetum,
370 1285 523 1348 sustinere
538 1285 647 1350 voluit.
670 1284 745 1362 Sed,
762 1299 796 1348 ut
809 1285 851 1348 ad
866 1285 1060 1348 devincenda
1074 1299 1328 1367 regnaurbeuur.

53 1370 191 1433 ruvictus
213 1369 393 1447 hebebatur,
408 1371 452 1434 ita
470 1370 603 1434 devictis
625 1371 848 1454 acquisitisque
872 1371 1013 1434 celeriter
1034 1371 1167 1433 carebat.
1178 1367 1328 1420 Artet‘to.
1357 1393 1360 1400 ·

54 1453 160 1518 Tantd
178 1456 292 1534 melitis
306 1457 466 1520 *studebat
480 1457 642 1540 acquirere
659 1457 800 1540 imperia,
813 1455 907 1540 quim
923 1457 1068 1520 retinere.
1105 1457 1169 1518 lta-

54 1561 128 1622 que,
141 1542 218 1606 cdm
233 1543 338 1628 copias
353 1542 565 1606 ‘Cherroneso
579 1543 828 1628 transposuisset,
842 1543 1049 1628 legationibus
1066 1541 1168 1628 Arbe-
1247 1575 1249 1590 ι

52 1627 212 1696 niensium
233 1645 266 1696 et
286 1625 504 1704 ⁶Acbaeorum,
526 1629 823 1712 Messeniorumque
845 1629 1011 1711 excipitur.
1056 1628 1170 1690 Sedet

55 1711 181 1777 Graeoio
195 1714 525 1796 omnis,aduriratione
541 1715 677 1777 nominis
691 1715 770 1799 ejus,
781 1715 875 1776 simul
890 1731 922 1777 et
936 1733 1042 1776 rerum
1058 1715 1169 1774 adver-

50 1797 121 1860 stis¹
138 1798 300 1888 Romqoos
327 1799 499 1880 Poenosque
526 1814 684 1880 gestarum
711 1799 809 1880 glorii
835 1801 975 1877 attonita,
998 1791 1169 1860 adventum

52 1885 124 1966 ejus
140 1885 334 1968 expectabat.
371 1884 517 1946 Primum
534 1885 578 1946 illi
594 1885 709 1946 bellum
724 1883 891 1948 ⁷adversds
907 1883 1073 1972 Spartanos
1089 1882 1168 1944 fuit:

52 1968 107 2031 ubi
127 1971 262 2119 8ιιιτὲὀκ
286 1968 465 2042 mulierum,
480 1965 576 2050 quim
591 1970 732 2032 virorum
749 1970 865 2034 virtute
888 1986 1048 2050 exceptus,
1065 1969 1169 2029 Ptole-

53 2074 168 2120 maeum
206 2057 295 2136 lium,
306 2069 338 2118 et
353 2056 510 2125 exercitiis
525 2069 645 2137 partem
660 2056 910 2118 robustissimam
927 2055 1042 2118 amisit.
1067 2052 1170 2136 Quip-

462 2268 760 2318 mruut’uurarro.

86 2441 195 2504 adilgie
206 2442 409 2496 Thessalonicam,
417 2448 446 2487 ut
454 2447 601 2502 reserperare
655 2453 671 2486 c
684 2439 820 2498 Postquam
828 2437 941 2500 Pyrrum
950 2439 1063 2498 pervenit
1072 2439 1108 2486 orl
1116 2448 1170 2486 tarr·
1283 2432 1286 2440 ’

37 2526 41 2542 r
48 2515 130 2572 pretet
146 2511 263 2558 undrrum
274 2523 385 2572 regnunt,
396 2509 418 2556 ri
434 2521 485 2569 quo
496 2508 602 2554 oriretur
623 2507 818 2567 rumperentiom
827 2505 921 2572 cogitet
928 2504 1041 2566 subigere
1051 2505 1171 2553 Graeciam

53 2580 153 2626 octauo.
335 2621 338 2629 ,
623 2582 647 2626 et
664 2571 759 2626 ustam,
779 2587 828 2622 nort
846 2577 971 2618 conteritur
991 2572 1021 2617 ed
1040 2577 1170 2633 potestate,

84 2639 101 2690 b
113 2645 166 2704 Sed
183 2644 271 2706 querit
288 2643 396 2690 latebras
412 2645 444 2690 ut
455 2642 532 2688 vitam
549 2653 601 2688 ser·
623 2654 695 2702 prtum
707 2640 754 2685 vix
766 2645 866 2702 sperare
879 2637 1004 2685 debuerat.

51 2715 108 2760 vet:
121 2722 146 2760 et
158 2711 311 2770 solimdirrer,
323 2707 376 2774 qud
389 2709 475 2780 possit
481 2709 584 2772 fugere.

548 2861 663 2910 NOTAE.
725 2887 729 2896 ·

531 2959 549 2990 X

87 3013 333 3079 lTleerulrnieum.]
352 3015 396 3066 Ad
414 3015 502 3065 sinum
516 3013 601 3063 Ther·
656 3008 850 3074 barcusorum]
872 3010 971 3078 Achaia
987 3009 1042 3060 lare
1062 3017 1171 3074 sumpts

51 3084 183 3142 meicum3
202 3099 272 3134 nuno
284 3085 433 3134 Graecarum
446 3081 549 3132 urbium
558 3081 599 3132 'est
622 3079 770 3140 Thessalis,
779 3080 869 3143 Epiro,
879 3078 1067 3142 Peloponneso,
1077 3087 1105 3127 et
1115 3081 1171 3127 Mu-

50 3151 224 3202 nobilissims.
623 3148 644 3196 ri
656 3146 899 3198 circumscribitur:
915 3145 940 3194 in
955 3148 1090 3203 Boeotium,
1103 3145 1172 3192 Atti-

86 3221 102 3268 2
126 3216 253 3269 Funditrie
274 3216 377 3278 virtue]
404 3217 489 3266 Urbes
511 3222 599 3265 tumen
623 3229 690 3275 carn,
707 3213 883 3279 Megaridem,
896 3211 1051 3271 Phocidem,
1063 3212 1170 3268 Locros,

51 3285 174 3350 plurimrs
195 3286 223 3334 iu
244 3282 297 3332 tide
321 3279 448 3350 Antigoni
470 3284 601 3336 remense·
623 3283 729 3340 Ouolas,
742 3291 771 3330 ct
788 3277 914 3330 Doridem
935 3279 1056 3345 regiones
1076 3277 1171 3326 dividi-

52 3362 121 3404 runt.
155 3355 202 3402 Ex
213 3353 358 3402 Plutarcho.
623 3359 673 3400 tur.
708 3345 817 3414 Proprie
829 3348 905 3397 dictu
915 3353 957 3396 est
972 3361 1031 3412 pars
1045 3343 1172 3410 Pelopon·

86 3423 102 3470 3
116 3423 230 3483 Postigia
242 3415 340 3482 regni]
353 3417 479 3484 Pyrrhus,
493 3415 602 3468 Atheni·
623 3417 692 3477 nesi,
702 3417 770 3465 inter
780 3415 936 3467 Corinthum
948 3421 976 3463 et
987 3415 1087 3462 Patras.
1157 3429 1160 3438 ¹

45 3488 156 3537 ensium
168 3497 196 3535 et
209 3485 402 3537 Messeniorum
418 3485 540 3536 laudibus
551 3485 603 3534 ela·
656 3481 813 3537 istdverrrlr
832 3477 991 3547 Spartanos]
1014 3483 1079 3529 Eum
1096 3479 1172 3543 Spar·

50 3563 107 3608 tus,
122 3551 302 3617 impudentem
314 3554 418 3604 vocarit
429 3553 601 3618 Antigonum,
624 3562 675 3601 tom
687 3552 807 3600 evocavit
817 3551 983 3608 Cleonymus,
994 3562 1027 3596 ex
1038 3547 1119 3611 stirpe
1133 3563 1172 3595 rc-

53 3621 163 3688 quinon
180 3625 297 3670 sumeret
311 3621 431 3685 pallium,
442 3622 491 3672 sed
502 3633 600 3685 purpu·
624 3620 666 3682 gia
682 3617 819 3677 oriundus,
833 3610 938 3680 indigue
957 3613 1044 3662 ferens
1059 3628 1171 3680 regnare

54 3703 110 3738 rem
123 3683 212 3738 adbuc
223 3694 350 3753 gestaret.
624 3688 721 3734 Areum
735 3683 792 3752 ejus
804 3699 838 3733 ex
849 3685 930 3732 fratre
943 3689 1072 3746 nepotem.
1224 3725 1226 3732 .

86 3757 105 3805 t
120 3754 397 3818 umectatacqetrerel
413 3757 480 3804 Eum
493 3753 603 3817 Antigo·
659 3752 789 3816 8Mojore
799 3745 947 3811 mulierum]
961 3747 1070 3798 Obsessi
1082 3745 1099 3796 ὲ
1109 3749 1173 3810 Pyr-

54 3837 103 3872 nus
117 3821 228 3872 aleatori
244 3821 357 3873 similem
368 3821 483 3878 dicebat,
495 3821 541 3885 qui
556 3835 601 3882 spe
624 3817 800 3882 rboSpartsni
810 3819 947 3868 incretam
956 3816 1173 3866 mulieressmsn-

55 3889 123 3940 lucri
147 3890 266 3954 proprius
286 3903 351 3954 opes
373 3888 495 3952 dissipat.
529 3887 603 3936 Talis
625 3886 688 3935 dare
709 3884 873 3950 cogitabant:
897 3883 945 3933 sed
966 3881 1029 3938 illae,
1050 3877 1109 3931 crim
1133 3894 1173 3936 se,

53 3959 135 4008 etiem
146 3957 297 4006 Alexander
306 3959 430 4022 Magnus,
438 3955 516 4020 cujus
527 3961 603 4019 gestu
624 3954 719 4004 eversi
740 3951 815 4012 urbe,
836 3952 924 4000 virere
947 3948 1013 3998 velle
1036 3951 1172 4012 negarent,

56 4022 118 4074 dum
130 4026 235 4089 legeret
251 4023 391 4090 aliquando
404 4024 541 4087 Augustus
552 4024 604 4070 Ore·
625 4019 722 4086 fossam
742 4015 867 4070 contiuud
887 4018 997 4076 ducunt,
1014 4014 1093 4064 simul
1110 4025 1173 4059 cum

58 4105 108 4152 sur,
115 4105 177 4142 eum
185 4090 343 4142 sdrnirntum
353 4090 442 4142 serunt
450 4103 500 4138 non
511 4088 604 4138 indux·
626 4088 732 4138 senibus
753 4093 784 4138 et
801 4086 902 4151 pueris,
920 4083 1077 4148 tertiamque
1096 4077 1174 4127 iussu

45 4155 108 4207 'isse
120 4159 148 4210 iu
161 4159 278 4208 animum
290 4158 421 4224 quomodo
434 4155 605 4222 quesitsser-
626 4164 727 4220 partem
740 4169 787 4204 sex
800 4152 903 4204 cubitos
916 4151 1004 4210 lutam,
1017 4149 1094 4196 altam
1108 4159 1173 4210 qus-

58 4221 310 4284 vs1·et,sedtantrim
320 4233 349 4276 ut
357 4239 424 4276 nors
433 4221 551 4290 quesitis
561 4222 604 4274 sd·
626 4231 696 4282 tuor,
707 4223 812 4286 longum
830 4219 896 4270 oc'to'
906 4218 1013 4284 jugera,
1024 4215 1077 4263 hie
1095 4210 1175 4261 nocte

55 4289 163 4353 jieetet.
626 4288 780 4354 perficiunts
801 4286 846 4336 ubi
863 4284 926 4334 verd
944 4282 1053 4338 diluxit,
1072 4287 1174 4344 potum,

94 4359 109 4404 5
132 4357 302 4425 Cherroneso]
323 4361 487 4425 Peloponnetr
508 4353 605 4412 melius
625 4357 725 4416 eibum,
740 4369 865 4418 armaque
879 4349 1021 4417 juvenibus
1037 4345 1176 4417 submmis-

60 4420 168 4476 dixeris.
465 4436 470 4446 ·
540 4456 545 4462 -
627 4424 737 4476 trabunt·
772 4421 955 4474 Plrrurrc'lrus.¹
1026 4448 1030 4455 -
1105 4430 1139 4453 ·=
