2894 4920
143 278 203 336 112
751 269 935 354 Jusrrur
1031 293 1032 298 κ

297 443 406 508 dantes
420 443 551 520 videret,
566 441 705 506 dimissis
723 441 892 517 satellibus,
905 453 941 504 ut
957 435 1141 502 Alexandro
1157 432 1325 514 felicitare,
1339 455 1405 498 non

161 597 165 606 Α
252 561 253 566 ’
296 529 412 594 virtute
427 527 555 591 inferior
570 527 739 608 videretur,
749 539 863 590 tantam
879 541 1013 608 stragem
1030 522 1166 586 hostiurn
1178 521 1290 597 edidit,
1299 537 1337 608 ut
1348 541 1405 602 ag·

295 615 379 677 ruina
391 614 547 678 interdum
559 612 690 696 fugaret.
736 613 791 676 Ad
807 629 1010 696 postremum,
1020 608 1078 674 etri
1093 605 1325 670 amalsitanae
1337 607 1404 670 vic·

41 765 45 772 ,
295 713 358 773 tus,
373 696 482 782 ¹gloriai
495 717 597 762 umen
612 715 721 762 omues
732 699 817 762 vicit.

138 802 283 852 auersum
338 783 439 848 CAP.
454 783 504 848 11.
528 783 627 848 Porri>
642 783 851 859 ²Alexander,
865 803 922 845 rex
938 780 1039 866 Epiri,
1053 779 1086 842 in
1107 778 1230 842 ltaliam
1246 774 1264 840 ai
1279 777 1403 844 Taren·

137 885 172 947 32
183 871 266 954 Ena,
294 871 379 947 tinia,
391 872 505 932 auxilia
527 871 688 934 ³adversus
702 868 859 938 ⁴Bruttios
880 866 1127 950 deprecantibus,
1145 863 1345 941 sollicitatus,
1359 866 1403 928 ita

137 951 166 984 ”²
177 935 253 986 Imm
278 967 282 972 '
295 957 407 1040 cupide
418 954 576 1037 profectus
591 953 702 1032 iuerat,
713 955 809 1016 ueluti
819 953 851 1014 in
863 953 1017 1016 divisione
1029 951 1113 1014 orbis
1123 963 1290 1026 terta-rum,
1301 950 1403 1014 Alex·

132 1005 253 1130 mitt,
262 1013 403 1116 elandro,
419 1040 616 1124 Olympiadis
631 1038 746 1102 sororis
760 1056 824 1100 suae
841 1038 915 1114 hlio,
929 1037 1055 1112 Oriens,
1069 1035 1128 1100 sibi
1142 1034 1301 1098 Occidens
1319 1034 1402 1098 lortd

294 1126 494 1209 contigisset:
512 1149 571 1188 non
589 1125 741 1188 minorem
756 1145 860 1186 rerum
878 1123 1039 1186 materiam
1055 1122 1086 1184 in
1101 1121 1200 1198 lechi,
1212 1119 1338 1197 Africa,
1352 1122 1402 1184 Si·

293 1211 437 1293 ciliaque,
453 1207 546 1294 quim
561 1211 610 1273 ille
627 1211 658 1271 in
675 1209 754 1271 Asia
769 1223 800 1272 et
817 1207 924 1270 Persia
937 1208 1108 1273 habiturus.
1132 1205 1207 1270 Huc
1221 1207 1402 1282 accedebat,

258 1298 262 1308 '
293 1296 381 1382 quiid
396 1298 477 1358 sicut
489 1296 672 1358 Alexandro
688 1293 811 1376 Magno
830 1293 981 1376 Delphica
995 1293 1120 1355 oracula
1134 1290 1264 1361 insidias
1275 1293 1310 1356 in
1328 1293 1400 1357 Ma·

293 1383 439 1444 nedonia:
455 1382 497 1444 ita
514 1379 584 1442 huic
595 1399 778 1462 responsum
793 1378 960 1440 ‘Dodonaei
972 1375 1072 1458 Jovis,
1083 1378 1165 1440 circa
1180 1379 1290 1440 urbem
1304 1379 1400 1442 ⁶Pan·

292 1468 414 1535 dosiam
427 1463 613 1547 amnemque
625 1464 851 1528 ⁷Acherusium
864 1462 1061 1545 praedixerat.
1085 1462 1171 1537 Qua
1181 1478 1315 1546 utraque
1326 1465 1401 1528 curn
1441 1521 1442 1532 ,

292 1555 324 1614 iu
341 1551 440 1634 Epiro
455 1567 568 1627 essent,
582 1551 707 1634 ignarus
729 1551 839 1612 eadem
859 1563 892 1610 et
912 1546 944 1610 in
960 1548 1049 1610 Italici
1064 1569 1144 1623 esse,
1158 1549 1199 1612 ad
1215 1548 1401 1616 declinanda
1441 1595 1442 1598 κ

293 1636 427 1700 fatorum
441 1637 589 1719 pericula,
597 1635 792 1718 peregrinam
803 1633 946 1698 militiam
957 1633 1104 1716 cupidius
1116 1634 1263 1716 elegerat.
1287 1636 1401 1719 Igitur,

292 1744 365 1786 cum
386 1723 418 1784 in
434 1723 556 1784 ltaliam
571 1721 716 1797 venisset,
730 1723 867 1804 primum
885 1719 930 1782 illi
949 1719 1066 1782 bellum
1083 1741 1157 1784 cunr
1172 1719 1306 1803 ⁸Apulis
1321 1721 1400 1796 fuit;
1440 1761 1442 1774 ι

292 1828 426 1892 quorum
441 1808 566 1894 cognito
582 1807 666 1869 urbis
681 1805 756 1884 lato,
771 1805 857 1868 brevi
873 1818 944 1888 post
957 1821 1096 1887 ternpore
1114 1822 1224 1888 pacem
1237 1819 1271 1870 et
1291 1809 1399 1872 amici·
1440 1843 1442 1868 r

292 1897 369 1956 tiam
383 1913 455 1956 cum
476 1913 551 1975 rege
566 1913 674 1955 eorum
690 1891 775 1954 fecit.
822 1889 900 1952 Erat
914 1910 1048 1972 namque
1068 1905 1141 1952 tuns
1158 1890 1313 1974 temporis
1328 1896 1400 1958 urbs
1440 1913 1442 1958 ς

293 1977 409 2060 Apulis
424 1979 650 2052 Brundusium,
662 1995 755 2057 quam
770 1974 892 2050 ⁹AEtoli,
902 1976 1026 2056 sequuti
1042 1991 1109 2039 tum
1122 1974 1204 2038 fanti
1218 1997 1329 2044 rerum
1344 1981 1401 2040 1οὶιι

292 2063 390 2146 ΙΤι-(ῄᾶ
409 2078 565 2144 gestarum
582 2060 788 2125 clarissimum
810 2057 846 2124 a'c
867 2059 1095 2124 nobilissimum
1109 2062 1224 2125 ducem
1239 2061 1400 2126 ”Diome-

292 2147 378 2227 dem,
392 2146 596 2212 condiderant
605 2172 614 2222 ς
631 2147 693 2210 sed
709 2146 843 2230 pulsiab
859 2145 987 2229 Apulis,
1002 2145 1197 2212 consulentes
1208 2149 1339 2215 orae&
1352 2170 1401 2212 re·
1441 2145 1442 2154 ’

783 2285 899 2372 norm

281 2472 359 2526 'fixus
368 2473 469 2537 lanua,
479 2471 651 2529 moribundus
661 2475 687 2528 in
697 2489 834 2542 artuapro·
855 2473 931 2540 phoa,
951 2475 1035 2526 altera
1057 2475 1083 2526 in
1105 2476 1242 2528 Ammonia
1258 2478 1402 2542 Templum

291 2539 392 2594 cubuit.
853 2542 1001 2594 evolaverit.
1042 2541 1160 2604 Dodona,
1179 2543 1223 2594 vel
1242 2541 1260 2594 ai
1281 2545 1402 2608 Dodone,

326 2610 341 2658 l
356 2611 440 2661 Haud
461 2607 558 2672 tamen]
579 2607 832 2668 Lacedaemoniorum
855 2611 964 2673 Europa
976 2608 1098 2670 rosisque
1109 2607 1176 2666 filisa
1197 2610 1238 2660 vel
1251 2607 1268 2662 d
1281 2603 1403 2672 Dddoua,

289 2673 501 2742 quinquemillia
513 2675 649 2734 cecideras
666 2682 694 2728 et
706 2678 751 2725 vix
762 2673 834 2740 quia·
854 2673 908 2723 lilio
918 2677 1010 2736 daran,
1021 2691 1115 2726 nomen
1127 2676 1224 2727 sortita
1232 2684 1283 2728 est.

289 2741 605 2808 quam,nisisauciua,in
618 2751 705 2793 castra
716 2741 805 2794 rediit.
888 2741 1099 2806 wandalum]
1124 2743 1191 2794 Urbs
1209 2745 1333 2808 geminas
1352 2761 1405 2796 una
1439 2769 1440 2783 π

325 2808 516 2872 canaonas]
535 2809 585 2866 Qui
597 2809 730 2859 Molossus
744 2807 832 2858 dictus
855 2807 1031 2869 Bruttiorum,
1052 2824 1099 2874 pro
1119 2826 1135 2858 e
1152 2809 1335 2861 Acheruntem
1359 2813 1405 2863 liu·

291 2881 344 2935 ert,
359 2891 394 2924 ea
408 2876 514 2941 Apellis,
528 2875 688 2940 Olympiadis
701 2873 792 2936 frater,
804 2881 833 2923 et
854 2871 936 2935 rium,
948 2889 998 2926 non
1015 2825 1141 2940 procula
1153 2876 1297 2934 ensentiaa
1318 2878 1406 2930 altera

290 2941 513 3006 Cleanthenque
528 2941 672 2990 Alexandri
686 2940 777 3004 Magni
793 2955 834 2991 so·
855 2939 880 2988 in
894 2941 973 3004 Epiro
986 2943 1019 2992 ad
1032 2934 1209 2994 Acherunteul
1223 2957 1345 3010 quoque,
1361 2949 1405 2998 ulti

288 3021 334 3059 ror
351 3009 412 3068 fnit,
432 3009 548 3060 maritus.
582 3007 631 3056 Ubi
654 3006 832 3058 Alexandrum
855 3007 984 3074 Pandosia
996 3011 1077 3060 lacus.

290 3076 317 3125 in
329 3075 420 3126 Asiam
432 3075 564 3140 appulisse
576 3073 668 3132 audiit,
680 3073 735 3138 ipse
751 3074 834 3125 conti·
888 3075 905 3126 7
927 3075 1107 3140 Acherusium]
1127 3075 1230 3142 Duplex
1249 3081 1294 3126 eat
1316 3081 1406 3132 etiarn.

289 3140 343 3194 nuti
351 3157 397 3209 spe
406 3141 521 3192 victoria
532 3140 677 3189 transmisit
685 3139 709 3189 in
718 3141 831 3192 Italiam:
854 3139 931 3192 Alter
945 3143 970 3193 in
980 3143 1094 3195 Bruttiis
1107 3141 1131 3192 in
1143 3144 1229 3192 sinum
1237 3144 1407 3200 Terinaeum:

288 3205 487 3274 pernatassent
500 3206 833 3264 Graciasslvtsse.auetor
854 3207 922 3258 alter
933 3207 992 3260 inE
1013 3211 1060 3270 iro,
1079 3211 1104 3259 in
1118 3209 1289 3256 Ambracium
1309 3213 1407 3266 decus

288 3285 331 3326 est
348 3273 516 3334 Plutarchus,
527 3270 607 3338 quim
624 3273 649 3322 in
662 3275 753 3322 Asiam
765 3284 835 3323 tran·
854 3281 929 3330 renas
940 3273 983 3324 hic
994 3226 1091 3326 iabulia
1104 3272 1266 3324 notissimus.

288 3339 552 3391 siissetAlerrander.
612 3386 615 3394 ,
887 3338 1024 3406 8Apait'a]
1048 3343 1133 3398 Quare
1156 3338 1188 3387 ab
1209 3341 1356 3404 Apennino
1376 3349 1406 3400 ad

321 3407 478 3457 Seldversua
494 3404 628 3469 Bmettr'oa]
649 3407 747 3456 Contra
758 3407 830 3456 Mes·
853 3419 925 3456 mare
933 3407 1098 3459 Adriaticum
1112 3406 1308 3472 pertingebant.
1329 3414 1407 3468 Dice·
1437 3455 1438 3462 ,

288 3472 375 3536 sapius
397 3479 426 3522 et
451 3477 569 3524 Lucanos
591 3479 740 3533 evocatum,
765 3472 832 3523 dicit
854 3471 948 3524 bantur
960 3475 1004 3526 alii
1019 3473 1125 3535 Daunii,
1136 3473 1181 3524 alii
1193 3476 1406 3540 Peucetihnuue

287 3540 397 3597 Strabea
409 3541 567 3610 quibuscum
575 3538 660 3590 multa
666 3541 756 3604 prelia
763 3555 832 3590 corn·
853 3541 878 3588 la
889 3543 994 3592 Ponitis.

288 3603 370 3667 misit,
383 3614 413 3659 ut
426 3616 513 3658 narrat
524 3605 622 3657 Livius.
886 3609 1009 3670 Mesia]
1026 3606 1136 3662 ,Achaiae
1155 3607 1245 3672 populi
1262 3607 1341 3662 inter
1360 3619 1408 3668 La.

321 3673 479 3737 aurarum]
491 3673 541 3729 Qui
554 3671 664 3724 meanis
674 3671 830 3724 contermini
853 3689 913 3725 eros
937 3683 964 3726 et
990 3679 1148 3737 Acarnanas,
1172 3675 1292 3727 Acheloo
1321 3679 1407 3734 fluvio

288 3737 323 3790 ad
338 3737 435 3800 fretum
448 3741 576 3799 Sictrlum,
588 3740 655 3790 inter
666 3741 830 3806 Tyrrhenum
854 3741 943 3792 vicini.

287 3821 370 3867 mare,
386 3813 416 3858 et
431 3807 518 3858 sinum
528 3807 718 3868 'Tarentinum
738 3807 833 3860 incole·
888 3810 920 3859 10
933 3809 962 3857 Ia
976 3805 1079 3874 sl’mjd]
1101 3807 1221 3874 Phrygia
1238 3808 1358 3864 minoris
1374 3815 1408 3868 ci·

203 3879 206 3884 “
288 3873 359 3924 bant.
580 3937 581 3940 Ἴ
852 3876 1005 3936 vitatemon
1023 3875 1158 3940 proculab
1170 3876 1220 3925 {da
1236 3885 1408 3943 montestln

321 3941 467 3992 medones·
488 3935 580 4004 Iouis]
604 3937 714 3991 Dodona
735 3939 831 3990 civitas
853 3941 920 3992 meri
933 3939 1280 3998 versibuscelehratissimn.

288 4007 339 4059 l'uit
351 4006 378 4058 in
384 4007 516 4067 Chaonia,
528 4007 602 4072 Epiri
615 4007 723 4073 regione
734 4027 741 4064 s
752 4021 831 4072 prop·
887 4009 918 4056 11
931 4009 1090 4071 Diomedem]
1111 4007 1196 4074 Tydei
1211 4015 1242 4059 et
1258 4011 1408 4078 Deiphiies

287 4085 331 4125 tar
348 4087 423 4136 quam
441 4069 585 4140 querneurn
602 4087 695 4124 nemus
711 4075 773 4124 Jovi
793 4089 833 4122 sa·
852 4071 991 4136 lilium,tle
1003 4091 1055 4141 quo
1069 4074 1309 4136 multallomeruaa
1324 4097 1408 4150 prop·
1435 4095 1436 4098 ¹

287 4157 373 4202 cmm,
390 4142 415 4192 in
432 4155 484 4208 quo
503 4141 643 4205 Templum
660 4138 735 4189 Jovis
749 4137 832 4190 luisse
853 4149 895 4192 ter
914 4143 1005 4200 uxoria
1022 4141 1146 4191 libidines
1163 4144 1275 4208 patriam
1289 4162 1408 4210 exosus,

288 4208 450 4274 perhibetur,
461 4213 490 4258 et
508 4206 534 4260 in
550 4223 583 4257 eo
599 4206 735 4262 oraculum
750 4208 833 4256 oroni-
853 4210 878 4259 in
889 4209 1030 4275 Appuliam
1041 4206 1244 4271 profecissem
1263 4210 1313 4263 ubi
1328 4229 1408 4282 parra

288 4269 833 4394 ⁶⁶,
851 4274 1351 4398 innutantissime*
1380 4291 1408 4337 2‘

288 4405 350 4459 cula
363 4405 526 4470 fabulantura
547 4421 660 4478 quarum
676 4401 760 4478 altera
772 4409 832 4461 Del·
858 4405 871 4458 ’,
