2906 4902
612 308 623 340 1

742 311 948 421 Jusrrnr'

288 513 409 596 fulgore
423 513 471 576 sui
488 511 568 574 Solis
579 512 712 575 nitorem
727 511 863 582 vicerat;
885 523 927 586 et,
942 506 1017 570 sinn
1032 504 1167 570 oriretur
1179 501 1419 568 occumbes-eti

288 619 361 682 que,
375 601 521 680 ¹quatuor
535 599 668 680 spatium
684 597 831 658 horarum
843 593 1053 657 consumebat.
1091 591 1175 654 Puer
1187 603 1342 652 tutorum
1361 591 1413 652 iu·

288 682 384 746 sidias
398 704 507 765 passus
520 699 578 760 est,
594 683 647 764 qui
663 702 736 744 eum
750 676 832 741 ²fero
847 699 929 762 equo
944 677 1138 762 impositum,
1152 677 1299 758 equitare
1311 676 1418 760 jacu-

287 769 407 850 larique
419 769 582 852 cogebant:
599 767 667 848 aqui
680 780 808 828 conatus
818 764 893 828 crim
904 763 1158 838 eosfefellisseut,
1166 761 1263 846 supra
1272 773 1411 823 etatem

287 867 414 934 regente
426 873 542 936 equum
556 852 755 925 Mithridate,
769 871 889 912 veneno
903 871 977 912 eum
991 847 1182 930 appetivere.
1213 845 1323 921 Quod
1341 868 1411 908 roe·

287 952 390 1014 tuens,
404 939 542 1000 antidota
556 939 670 1020 saepius
683 937 773 1012 bibit,
787 934 833 998 bet
844 935 886 996 ita
901 957 934 996 se
947 936 1096 996 adversius
1110 931 1240 995 iusidias
1255 931 1409 1014 exquisi-

285 1023 420 1086 tionibus
435 1022 583 1085 remediis
597 1023 762 1104 stagnavit,
778 1035 863 1082 utne
879 1021 985 1082 volens
1000 1017 1127 1100 quidem
1147 1037 1247 1080 senex
1261 1017 1408 1080 'veneno

288 1093 370 1170 moli
385 1107 531 1190 potuerit.
553 1106 685 1167 Timens
701 1105 827 1181 deinde,
838 1127 875 1166 ne
889 1105 1018 1180 inimici,
1029 1105 1114 1186 quod
1128 1124 1250 1166 veneno
1263 1124 1335 1166 non
1349 1124 1407 1186 po·

289 1207 400 1268 terant,
416 1193 498 1253 serto
509 1197 704 1274 peragerent,
716 1193 850 1254 venandi
864 1189 1002 1252 studium
1019 1189 1117 1265 finxit,
1130 1209 1193 1271 quo
1206 1209 1266 1272 per
1275 1203 1405 1272 septem

289 1297 384 1342 annos
399 1299 501 1360 neque
517 1277 722 1360 urbis,neque
734 1275 816 1337 ruris
825 1291 909 1337 tecto
922 1295 998 1336 usus
1011 1290 1077 1347 est;
1092 1277 1148 1337 sed
1162 1296 1220 1357 per
1229 1275 1341 1356 sylvas
1350 1295 1404 1336 va-

289 1376 380 1446 gatus
391 1361 525 1426 diversis
537 1361 688 1424 montium
703 1359 881 1442 regionibus
896 1361 1101 1442 pernoctabat,
1113 1360 1227 1442 ignaris
1240 1359 1404 1435 omnibus,

289 1447 403 1532 quibus
414 1459 496 1508 esset
507 1447 603 1517 locis;
620 1459 761 1508 assuetus
772 1443 854 1506 feras
866 1465 960 1506 cursu
975 1457 1028 1506 aut
1042 1443 1162 1524 sugere,
1170 1461 1224 1509 aut
1237 1445 1403 1529 persequi,

289 1544 361 1592 cum
378 1531 565 1612 quibusdam
581 1530 676 1590 etiam
690 1529 811 1592 viribus
823 1529 987 1612 congredi.·
1017 1525 1143 1601 Quibus
1157 1534 1263 1610 rebus,
1277 1546 1313 1594 et
1326 1531 1403 1594 iusi·

290 1615 359 1678 dias
373 1616 496 1692 vitavit,
509 1625 555 1677 ‘et
570 1636 682 1698 corpus
696 1616 737 1677 ad
751 1635 876 1676 omnem
892 1613 1073 1697 patientiam
1088 1615 1224 1678 duravit.

133 1721 270 1773 nonnoso·
335 1701 439 1764 CAP.
452 1701 500 1764 11.
517 1701 574 1764 Ad
585 1701 673 1782 regni
683 1700 797 1764 deinde
809 1700 1107 1765 administrationem
1120 1698 1194 1762 crim
1206 1704 1403 1780 accessisset,

133 1792 165 1836 αὶ
179 1801 219 1835 rer
292 1787 396 1852 statim
408 1787 519 1850 nonde
537 1787 685 1870 regendo,
700 1786 808 1848 sedde
824 1787 968 1872 augendo
982 1805 1080 1868 regno
1094 1787 1253 1872 cogitavit.
1285 1788 1402 1870 Itaque

130 1863 211 1918 W·
292 1873 424 1955 Scythas
445 1873 578 1934 invictos
602 1869 701 1945 antei,
724 1873 778 1953 qui
800 1871 983 1954 Sopyriona‚
1004 1870 1178 1934 Alexandri
1194 1871 1321 1956 Magni
1344 1877 1399 1936 du·

292 1981 372 2033 cem,
387 1979 458 2019 cum
474 1957 600 2046 triginta
616 1957 753 2019 millibus
778 1973 967 2020 armatorum
983 1957 1180 2029 deleverant;
1204 1961 1259 2040 qui
1277 1958 1400 2040 Cyrum

292 2045 459 2106 Persarum
472 2063 577 2127 regem
590 2063 661 2103 cum
674 2043 815 2119 ducentis
827 2043 963 2104 millibus
973 2043 1223 2118 trucidaverant;
1239 2045 1294 2126 qui
1309 2045 1399 2107 ⁴Phi·

291 2129 410 2212 lippum
434 2127 648 2190 Macedonum
671 2149 778 2210 regem
801 2127 995 2210 fugaverant,
1017 2128 1135 2210 ingenti
1150 2127 1301 2192 felicitate
1318 2135 1397 2214 ⁵per-

280 2213 426 2286 ,domuin
470 2213 595 2274 Auctus
617 2213 714 2294 igitur
734 2213 864 2288 viribus,
880 2213 1015 2275 Pontum
1038 2235 1173 2298 quoque,
1190 2233 1226 2278 ac
1248 2217 1398 2300 deinceps

134 2295 280 2358 anteana
294 2297 522 2381 Cappadociam
538 2301 712 2379 occupavit.
755 2296 857 2363 ‘'Cirm
873 2301 913 2362 de
931 2301 1011 2361 Asia
1027 2314 1182 2377 tractaret,
1196 2301 1311 2365 tacitus
1327 2323 1397 2365 cum

135 2374 175 2424 ⁰¹·
189 2375 244 2426 ¹7⁰¹
256 2375 279 2424 3·
293 2385 479 2467 quibusdam
495 2381 604 2446 amicis
618 2381 635 2444 ὲ
647 2377 744 2468 regno
759 2384 926 2468 profectus,
938 2386 1126 2461 universam,
1137 2387 1261 2448 nemine
1270 2389 1397 2468 sciente,
1441 2453 1442 2462 ,

135 2439 278 2568 lbldd?
279 2478 285 2489 ’
293 2484 476 2554 pervagatus
492 2483 551 2548 est,
564 2469 766 2552 omniumque
781 2472 907 2536 urbium
920 2472 1016 2533 situm
1030 2491 1066 2533 ac
1082 2473 1225 2554 regiones
1239 2477 1395 2556 cognouit

293 2551 372 2618 Inde
390 2555 569 2636 Bithyniam
578 2557 817 2632 transcendisse
833 2560 921 2639 quasi
936 2557 1083 2620 dominus
1098 2556 1197 2634 Asia,
1210 2568 1397 2647 ⁸opportuna

292 2661 423 2724 quaeque
438 2641 573 2710 victorie
595 2661 659 2704 suae
677 2655 812 2705 metatus*
825 2657 882 2705 est.
924 2641 1003 2714 Post
1023 2641 1087 2706 haec
1109 2644 1140 2704 in
1161 2653 1306 2727 regnum,
1321 2647 1397 2718 clun

286 2729 356 2811 jam
371 2725 501 2810 periisse
513 2726 703 2804 crederetur,
711 2749 855 2791 reversus
867 2743 925 2804 est,
934 2730 1059 2791 invento
1073 2731 1203 2812 parvulo
1219 2731 1291 2808 filio,
1300 2755 1398 2815 quem

292 2831 348 2903 per
362 2812 531 2875 absentiam
552 2812 620 2896 ejus
639 2813 778 2882 Laodice
801 2833 890 2876 soror
906 2833 1046 2904 uxorque
1065 2815 1159 2888 enixa
1177 2814 1282 2886 fuerat
1328 2817 1399 2884 Sed

696 3032 991 3088 INTERRRETATIO.

326 3199 341 3234 a
357 3179 413 3243 Qua
424 3186 501 3232 omnio
513 3197 566 3232 cnm
578 3197 626 3232 non
636 3187 773 3234 nocuissent
781 3186 835 3236 M·
853 3194 935 3252 possm
946 3201 1105 3252 quoacunque
1116 3187 1279 3253 lobomrpon'.

293 3253 403 3307 tiridati,
415 3254 457 3310 qui
467 3266 552 3311 epotum
562 3250 663 3312 regebat
671 3249 753 3300 aanor
761 3252 833 3313 poclm
888 3253 905 3302 d
922 3251 981 3304 crim
1001 3257 1074 3304 vellet
1090 3256 1203 3318 subigere
1223 3257 1319 3316 Aaron,
1337 3258 1394 3308 elno

236 3339 239 3346 ·
291 3319 367 3366 solent
374 3319 457 3380 puers,
467 3331 522 3364 eum
532 3317 663 3366 voluerunlt
675 3319 756 3372 tolera
764 3330 835 3369 votes
852 3319 977 3384 profectur
988 3331 1026 3371 cst
1042 3337 1076 3372 ex
1086 3322 1176 3386 Regno
1186 3338 1241 3372 cum
1257 3325 1394 3386 quibrudoar

291 3398 328 3430 no.
856 3391 948 3440 omno.
1128 3395 1130 3400 ’
1289 3403 1291 3407 “

326 3448 391 3496 bEt
400 3450 437 3496 ito
448 3463 474 3496 re
484 3451 587 3500 munimt
598 3451 709 3500 remote
715 3460 834 3516 prestun·
886 3470 902 3504 e
915 3457 952 3504 Er
963 3456 1028 3505 nott
1044 3472 1096 3518 que
1107 3459 1159 3506 locu
1168 3467 1255 3507 errent
1267 3465 1393 3522 opporttno

292 3517 390 3564 areimis
402 3525 486 3576 contro
497 3531 619 3566 vencnum.
855 3523 1027 3576 adoratorium
1040 3523 1074 3574 de
1090 3521 1211 3576 hostibus
1227 3522 1396 3586 referendum,

325 3579 391 3631 cEr
405 3584 442 3630 ito
459 3584 583 3634 rmorovn
592 3587 659 3634 niret
677 3590 791 3650 corporis,
806 3597 834 3643 ut

784 3741 897 3792 NOTAE.
933 3741 935 3745 ’

325 3889 338 3934 1
356 3888 725 3954 Quotuorrpotiumhororum.]
742 3895 780 3944 De
795 3891 833 3959 ip·
854 3909 904 3944 unu
921 3897 1071 3956 Atheniensi,
1088 3909 1145 3962 quae
1160 3894 1253 3948 cicuta
1272 3911 1318 3964 pto
1335 3897 1392 3948 cibo

282 3956 347 4006 ⁴sius
358 3955 443 4006 cauda
456 3956 521 4006 illud
533 3957 666 4024 intelligit,
675 3974 733 4023 quae
743 3960 769 4008 in
779 3967 832 4010 tan·
854 3962 892 4010 uti
907 3964 1015 4014 solebat.

290 4033 345 4078 tam
365 4021 555 4100 longitudinem
577 4033 700 4093 porrecta
716 4035 782 4087 erat,
801 4033 831 4077 ut
886 4029 1056 4096 4Plrilippnm
1072 4031 1246 4091 Macedonum,
1256 4025 1317 4093 Ue]
1338 4030 1392 4080 Sibi

288 4098 407 4154 quartam
417 4089 474 4139 coelr
486 4097 586 4154 partem
597 4098 748 4154 occuparet.
854 4108 904 4144 non
921 4099 1051 4150 consentit
1071 4097 1201 4158 surtinus,
1216 4099 1263 4164 qui
1280 4098 1361 4148 victos
1376 4097 1391 4147 d

323 4157 420 4228 2Feno
430 4155 512 4218 corto]
531 4159 614 4210 Ferus
630 4155 771 4224 aliquandd
788 4157 833 4208 ad·
856 4159 976 4230 Philippo
987 4161 1322 4228 Scythaspribsmemomt,

285 4219 395 4297 jectivd,
408 4235 587 4290 nonnunquam
603 4223 777 4286 substantive,
788 4241 832 4290 po·
887 4231 903 4278 5
914 4225 1076 4292 Podosacis]
1085 4227 1177 4280 Refert
1185 4231 1278 4282 Strabo
1287 4231 1390 4298 Scythas

263 4301 267 4314 ·
289 4297 374 4365 nutura
393 4303 541 4362 equumque
553 4289 762 4358 significatapud
774 4293 832 4344 Vir·
854 4293 871 4344 ὲ
883 4296 1043 4348 Mithridate
1053 4296 1087 4346 nd
1098 4297 1251 4357 Maeotidem
1263 4298 1390 4364 paludem,

288 4351 391 4418 gruum.
736 4381 738 4388 ι
856 4361 965 4425 indeque
986 4364 1021 4416 ad
1040 4363 1150 4418 colchos
1169 4379 1256 4436 usque
1276 4365 1389 4430 devictos

322 4417 338 4468 3
367 4423 456 4497 Veneno
480 4427 540 4474 mort
557 4423 690 4490 pomeria]
715 4425 831 4478 Similem
855 4427 944 4487 fuisse.
1382 4431 1386 4452 ³

287 4479 364 4548 gland
410 4487 544 4546 atoriolaru
562 4489 647 4544 refert
665 4492 779 4546 Galenus
798 4489 831 4546 de

280 4623 283 4634 v
318 4593 350 4642 3.).

1437 3073 1439 3178 l
