2906 4902
731 275 913 374 Jnsrrnr

284 465 316 526 in
330 459 517 526 domesticos
528 476 631 528 motus
642 460 786 545 inquietis
799 454 903 524 saturi
915 457 1018 524 taciti:
1034 460 1075 524 ad
1083 458 1274 538 faciendum,
1283 455 1402 544 quam·

283 551 325 612 ad
339 549 519 624 dicendum,
533 547 754 632 promptioresr
777 540 901 634 proinde
915 546 1051 609 secunda
1071 549 1265 628 adversaque
1285 547 1386 609 silen-

283 635 328 696 tio
343 647 461 717 tegunt.
493 635 688 718 Principibus
703 649 793 708 metu,
807 653 868 697 noo
883 629 1002 714 pudore
1016 647 1134 715 parcnt.
1160 632 1198 694 lu
1213 631 1387 695 libidinem

283 718 425 804 projecti,
440 719 471 782 in
485 720 588 784 cibum
604 719 698 804 parci.
739 719 778 782 ¹1⁷
780 719 846 782 ides
861 715 951 780 dictis
970 717 1192 801 promissisque
1207 717 1306 796 nulla,
1321 718 1388 780 nisi

284 820 435 888 quatenus
450 807 589 888 expedit.
618 871 621 876 ,
873 809 877 822 “
918 883 920 890 y

128 887 277 938 Pomona
328 889 430 954 CAP.
442 892 502 956 lV.
518 892 594 954 Post
603 903 736 954 *mortem
750 889 918 956 Alexandri
934 887 1059 972 Magni,
1071 887 1147 952 crim
1161 889 1242 954 iuter
1254 909 1387 952 succes·

128 957 226 1019 ΒΨ
238 971 370 1040 meotes
385 975 454 1062 ejus
469 977 608 1040 Orientis
629 999 723 1060 regna
736 972 954 1048 dividerentur,
968 975 1052 1038 nullo
1074 974 1292 1038 Macedonum
1311 975 1385 1059 dig·

126 1029 212 1086 Μ’
283 1075 375 1126 nante
398 1063 584 1126 Parthorum
607 1061 783 1144 imperium,
804 1061 954 1144 2sognort
975 1073 1103 1126 externo
1123 1060 1210 1148 socio
1233 1061 1385 1124 traditur.

280 1148 343 1223 Hi,
357 1163 463 1230 postea
478 1148 621 1216 deductis
644 1147 863 1212 Macedonibus
879 1147 910 1208 in
925 1145 1041 1209 bellurn
1055 1146 1159 1224 civile,
1173 1165 1244 1210 cum
1262 1147 1385 1212 cacteris

284 1235 454 1316 superioris
472 1235 559 1298 Asiae
573 1235 696 1319 populis
712 1235 877 1319 Eumenen
894 1231 1018 1316 sequuti
1038 1239 1126 1295 suut:
1149 1241 1213 1315 quo
1228 1231 1328 1310 victo,
1346 1233 1386 1294 ad

147 1370 149 1382 .
253 1391 256 1406 Ι
286 1319 482 1401 Antigonum
498 1321 661 1384 transiere.
684 1323 757 1382 Post
770 1316 870 1392 hunni
879 1319 1038 1382 Nicanore
1050 1317 1192 1395 Seleuco,
1202 1339 1238 1382 ac
1254 1319 1384 1382 moxah

286 1405 445 1468 Antiocho
460 1419 492 1468 et
504 1407 733 1470 successorihus
747 1407 815 1489 ejus
829 1404 973 1488 possessi:
989 1401 1111 1488 icujus
1124 1405 1311 1486 ³pronepote
1327 1403 1385 1466 Se-

285 1491 374 1552 leuco
383 1489 522 1570 prinuim
535 1489 692 1566 defecere,
700 1491 801 1574 primo
810 1491 917 1557 Purico
928 1491 1019 1564 bello,
1029 1489 1086 1552 ⁴L.
1098 1489 1223 1552 Manlio
1233 1489 1387 1566 Bulsone,

221 1645 225 1664 Ι
286 1575 339 1638 Μ.
351 1573 465 1637 Attillo
480 1575 613 1660 Regulo,
622 1575 820 1640 ‘consulibus
839 1574 956 1659 *Hujus
967 1573 1151 1638 defectionis
1162 1575 1383 1658 impunitatem

286 1661 348 1744 illis
369 1661 505 1724 duorum
526 1660 657 1726 fratrum
680 1661 815 1750 Regum,
830 1661 944 1729 seleuci
965 1677 1002 1734 et,
1014 1659 1192 1738 ⁶Antiochi,
1208 1661 1384 1724 ⁷discordia

276 1745 393 1810 dedit:
417 1746 482 1830 qui,
497 1747 572 1810 dum
595 1748 654 1812 sibi
677 1749 809 1811 invicem
831 1749 943 1832 ¹rriperc
958 1767 1088 1832 reguum
1104 1745 1222 1824 volunt,
1234 1748 1384 1830 persequi

286 1829 460 1896 defectores
475 1835 660 1897 omiserunt.
691 1833 813 1898 Eodem
829 1831 961 1917 lempore
975 1838 1069 1896 etiam
1083 1825 1284 1912 Theodotus,
1299 1833 1386 1895 mille

253 1912 258 1924 ’
286 1917 413 1980 urbium
436 1917 668 1982 Bactrianarum
690 1916 855 2004 praefectrb,
877 1919 1003 1994 deiecit,
1023 1939 1192 2001 regemque
1218 1939 1253 1980 se
1281 1919 1385 2001 appel·

286 2002 344 2068 lari
365 2002 479 2085 jussitr
506 2006 591 2084 quod
616 2006 793 2094 exemplum
816 2006 932 2088 sequuti
959 2005 1053 2066 totius
1072 2003 1210 2066 Orientis
1237 2001 1386 2090 populiai

289 2087 518 2150 Macedonibus
541 2087 697 2154 defecere.
723 2085 820 2154 ‘Erat
834 2112 872 2183 po
896 2105 1034 2174 tempore
1057 2089 1205 2168 Arsaces,
1223 2091 1286 2170 vir,
1305 2091 1386 2154 sicut

690 2307 980 2368 INTERPBETATIO.
1015 2334 1020 2340 »

321 2458 336 2508 a'
348 2436 489 2518 Daroma,
501 2475 552 2522 pue
567 2469 622 2510 erut
632 2462 697 2511 inter
708 2441 767 2512 dum
776 2462 879 2528 fratres,
890 2463 1033 2512 Antiochum
1047 2469 1072 2511 et
1089 2461 1223 2524 sennam,
1234 2462 1348 2528 impediit
1360 2477 1390 2511 ae

284 2530 416 2608 puniretar
427 2528 470 2603 illo
482 2527 592 2592 desectio.

778 2683 886 2760 noris.

322 2833 337 2880 1
356 2831 431 2881 Fides
449 2831 530 2890 alictii,
550 2829 837 2900 &c.]1taLysander,
876 2833 1035 2898 fiduciaria]
1055 2833 1106 2892 oui
1123 2835 1222 2886 mooe
1234 2833 1322 2885 dictus
1343 2835 1392 2886 esi

288 2896 358 2961 apud
385 2898 564 2957 Plutarchum,
584 2901 720 2960 veritatem
744 2896 1038 2967 niniluidequorupra.
1424 2877 1425 2962 i

287 2963 422 3017 meliorem
438 2981 498 3016 esse
515 2965 660 3028 mendacio,
672 2967 720 3016 sed
732 2967 827 3017 utrius·
875 2967 892 3020 7
907 2971 1039 3020 Discordia
1049 2968 1134 3032 dedic]
1153 2971 1223 3020 Dum
1234 2966 1391 3028 Callinicus,

287 3043 339 3096 que
351 3029 510 3096 dignitatern
520 3045 571 3081 usu
582 3031 693 3084 definiri.
843 3033 865 3084 si
882 3035 1016 3102 plerisque
1033 3037 1179 3088 Auctoruru
1198 3035 1346 3096 credimus,
1357 3036 1391 3085 de

251 3115 253 3118 ·
322 3095 339 3144 2
358 3097 499 3163 Stagnum]
519 3099 670 3164 {regendum
689 3107 732 3150 est
746 3103 828 3152 Stato-
843 3115 998 3168 regnorum
1014 3101 1094 3154 fratre
1111 3103 1224 3152 Hierace
1242 3101 1390 3160 contendit,

287 3169 351 3225 nori,
362 3167 406 3216 cui
423 3173 510 3216 tamen
525 3163 600 3230 priris
612 3167 670 3217 Arii
681 3175 710 3218 et
722 3170 828 3219 Drance
842 3176 944 3233 partem
957 3169 996 3220 illi
1007 3169 1145 3221 maximam
1156 3169 1258 3234 eripuit
1269 3173 1390 3218 Arsaces.

288 3232 397 3291 subditi,
414 3233 505 3284 Parthi
526 3247 588 3282 vero
610 3233 743 3296 Nicanori,
764 3235 828 3286 licet
843 3235 978 3302 Appianus
989 3245 1076 3306 tamen
1092 3235 1122 3286 id
1139 3235 1289 3303 contigisse
1302 3233 1390 3294 reiert,

230 3332 233 3345 .
288 3299 451 3350 Phrataserni
463 3297 596 3365 subjectos
607 3299 672 3350 velit
688 3303 827 3354 Diodorus.
864 3319 906 3353 um
916 3303 1070 3356 Ptolemaeus
1078 3303 1388 3372 Euergetesnororislle·

319 3367 335 3414 3
350 3369 484 3436 Prompote
503 3365 620 3430 Seleuci]
644 3370 739 3420 Peccat
749 3371 830 3422 Justi·
857 3373 946 3421 enices
960 3379 1070 3421 mortem
1081 3371 1195 3432 ulturus,
1207 3371 1233 3420 in
1247 3373 1328 3437 Syria
1339 3369 1389 3420 bel·

285 3446 350 3506 nusr
361 3429 515 3482 deiecerunt
525 3433 594 3484 enim
605 3432 740 3487 &Seleuco
752 3438 829 3488 Calli·
843 3432 900 3503 lorn
920 3444 1040 3502 gereret:
1061 3437 1109 3488 sed
1128 3437 1207 3488 aliter
1223 3445 1317 3496 tamen
1335 3451 1389 3488 reru

285 3512 354 3557 nico,
363 3499 486 3548 Antiochi
495 3501 594 3550 Soteris
604 3511 707 3566 nepote,
714 3519 764 3553 non
772 3499 829 3566 pro·
844 3514 932 3557 narrat
942 3505 1071 3570 Georgius
1083 3505 1240 3556 Monachus.
1274 3507 1388 3562 Arsaces,

285 3571 391 3641 nepote,
402 3567 500 3632 quippe
511 3568 557 3634 qui
570 3569 692 3622 Antiochi
704 3570 747 3622 dei
760 3569 828 3622 filius
847 3562 939 3638 inquit,
956 3581 980 3621 et
992 3573 1125 3630 Tiridates,
1138 3575 1181 3635 eui
1196 3589 1280 3637 gerrae
1298 3576 1316 3624 d
1330 3575 1387 3622 Per·

238 3687 248 3694 ,
281 3629 376 3680 duent.
476 3633 480 3649 l
850 3634 927 3690 iuram
943 3641 1041 3704 regibus
1057 3641 1184 3698 ducebant,
1197 3641 1387 3690 Bactrianorum

208 3709 210 3714 ’
318 3698 444 3762 4Morriio
466 3702 592 3766 Balearic]
612 3701 711 3754 Meliirs
731 3703 828 3756 dixeris
850 3717 917 3759 mont
938 3709 1058 3771 Senapar,
1082 3710 1138 3756 riam
1154 3709 1261 3757 Persidi
1276 3713 1387 3771 preesset

289 3765 396 3824 Volsone,
407 3767 453 3831 qui
471 3767 574 3836 corregs
590 3768 642 3820 suit
657 3771 713 3822 Caii
729 3773 828 3832 Attilii,
850 3775 993 3836 deotheriae
1013 3773 1139 3836 Macedar
1161 3778 1204 3837 qui
1222 3773 1277 3824 crim
1296 3783 1387 3824 amaret

285 3847 335 3884 non
354 3834 439 3883 Marci
457 3835 555 3896 Attilii,
572 3851 650 3903 quem
672 3839 743 3890 Poeni
762 3839 828 3890 diris
853 3836 991 3899 li'rr'dor'em,
1003 3845 1081 3903 eiqrre,
1093 3851 1121 3890 ur
1131 3843 1180 3890 aim
1191 3841 1300 3907 inferret
1305 3843 1388 3907 sacili·

285 3899 604 3976 cpuciatibus-laceratum
617 3904 674 3972 jam
686 3904 774 3961 Antea
785 3923 829 3958 oc·
849 3922 884 3967 aa,
895 3918 1000 3958 strueret
1015 3911 1125 3963 insidior.
1138 3917 1179 3973 epe
1190 3909 1344 3973 frustrarat.
1360 3908 1388 3956 oi

285 3965 411 4018 crderant.
852 3977 896 4024 'ao
915 3977 1037 4035 Tiridate,
1050 3976 1144 4041 fratria
1166 3977 1276 4026 Arsaces
1295 3980 1388 4026 erra-ilic

319 4037 335 4081 5
351 4031 514 4110 Gennadius]
529 4037 593 4110 Mon
604 4037 657 4086 illis
669 4039 825 4102 Consulibus
847 4043 987 4107 mterfectue
1000 4053 1054 4092 ert:
1077 4044 1193 4106 simulque
1206 4046 1315 4094 Arsaces
1327 4048 1386 4094 Per-

284 4099 336 4150 hoc
359 4110 479 4166 conugrt,
502 4115 548 4166 qur
572 4104 743 4168 quadriennio
763 4104 824 4156 ante
847 4125 926 4158 rorum
947 4115 1063 4174 occupato
1084 4113 1183 4172 imperto
1202 4113 1274 4160 onnia
1297 4113 1386 4160 cluebat

284 4167 453 4244 Gonsrrlatum
464 4168 599 4232 gerebant,
613 4169 693 4235 quim
705 4185 826 4238 regnaret
846 4176 978 4238 ingravit,-
991 4191 1063 4238 eoque
1073 4176 1247 4241 occicosrater
1258 4181 1314 4242 ejas
1326 4179 1385 4228 Tiri·

285 4233 826 4302 Callinicus‚subquotamenrebellavithr·
847 4243 1057 4293 necessumst..
1082 4245 1109 4292 ln
1122 4241 1223 4294 duobus
1233 4247 1326 4293 tamen
1340 4260 1384 4293 ma·

285 4309 371 4355 secem
383 4301 452 4353 sicut
462 4302 580 4354 lustinus
591 4305 647 4369 ipse
656 4303 826 4367 latetur,alii·
845 4306 940 4360 nilesti
952 4316 1044 4373 peccat
1057 4309 1196 4375 Georgius,
1208 4309 1280 4375 quod
1290 4319 1321 4360 et
1332 4313 1383 4359 Per·

284 4373 336 4426 qua
349 4363 406 4422 fere
418 4383 507 4422 omnes
516 4372 681 4427 consentiunt
691 4373 825 4433 Historici.
846 4390 887 4425 sss
900 4391 946 4442 pro
954 4375 1058 4426 Parthis
1067 4377 1190 4435 nominet,
1201 4383 1230 4428 et
1239 4391 1323 4431 annos
1335 4387 1382 4428 tau·

840 4451 900 4500 ‚tum
912 4443 979 4495 duos
990 4441 1097 4495 tribuat
1108 4442 1210 4498 Arsaci.
1266 4480 1271 4500 .
