2894 4920
723 246 912 332 Jusrrut·
1008 297 1012 304 .

269 425 376 510 prelio
386 423 487 508 major
496 423 659 488 Ptolemaei
670 420 893 484 moderationis
904 418 1012 503 gloria,
1023 415 1119 499 quim
1130 417 1228 502 ipsius
1240 416 1380 482 victorie

269 512 340 574 fuit.
374 511 538 591 Siquidem
554 525 586 574 et
600 510 720 571 amicos
736 505 891 569 Demetrii
907 505 1087 568 nonaullam
1104 525 1177 568 eum
1191 503 1259 568 suis
1274 504 1382 582 rebus,

269 595 384 660 verum
400 597 494 657 etiam
509 594 627 658 additis
641 590 963 676 insuper'muneribus
978 589 1119 663 dimisit;
1136 599 1183 651 aet
1197 588 1297 671 ipsius
1316 590 1382 652 De·

270 682 376 744 metrii
392 671 546 764 privatum
566 700 658 742 omne
673 679 975 751 instrumentum,“ac
991 674 1142 739 familiam
1157 675 1313 752 reddidit,
1328 675 1383 739 ad·

151 781 157 802 ‘
222 781 233 790 ·
266 767 353 858 jecto
367 767 484 830 honore
499 765 676 836 verborum,
692 765 763 828 Non
775 773 943 848 eapropter
952 761 1097 843 predum,
1106 760 1300 844 sedpropter
1313 761 1385 844 dig·

269 853 395 916 nitatem
417 853 513 914 inisse
533 851 654 920 bellum·
676 851 870 932 indignatum
892 844 974 932 quid
989 845 1174 932 Antigonus,
1188 847 1320 910 devictis
1338 849 1386 908 di-

269 957 366 1001 uersa
381 937 530 1020 sectionis
551 936 686 1014 ducibus,
699 936 782 999 solus
802 935 967 997 communis
980 931 1118 1022 uictoriae
1132 933 1264 1016 praemia
1284 934 1385 996 corri-

291 1025 397 1086 uisset.

116 1037 291 1169 caeeanuitp
316 1105 419 1171 CAP.
431 1109 478 1170 11.
496 1107 583 1172 Dum
600 1107 665 1182 baec
678 1119 822 1190 aguntur,
834 1104 1010 1170 Cassander
1025 1105 1063 1169 ab
1074 1102 1242 1186 Apollonii
1256 1105 1384 1170 rediens

112 1188 139 1233 ⁶²¹
149 1185 264 1266 lunasn-
272 1195 383 1257 incidit
401 1194 433 1256 in
448 1192 644 1270 ¹Abderitas,
659 1193 713 1276 qui
735 1208 862 1276 propter
881 1211 1026 1254 ranarum
1050 1189 1253 1272 muriumque
1274 1189 1384 1254 mtrlti·

112 1250 237 1366 mx]
271 1281 424 1355 tudinem,
438 1279 549 1342 relicto
570 1280 674 1362 patria
696 1280 774 1349 solo,
790 1278 882 1342 sedes
896 1277 1091 1360 quaerebant:
1114 1275 1292 1340 veritusne
1309 1277 1385 1341 Ma·

112 1385 209 1432 deusne.
271 1363 434 1440 cedqniam
450 1379 647 1446 occuparent,
661 1363 741 1426 lacti
761 1363 904 1447 pactione
927 1363 958 1424 in
980 1362 1162 1424 societatem
1177 1383 1231 1424 eos
1248 1363 1387 1446 recipit;

112 1449 234 1529 ,tuageni
271 1469 425 1531 agrosque
435 1449 473 1512 iis
482 1451 609 1513 ultimos
622 1449 820 1512 Macedonia
832 1449 979 1530 assignat.
1003 1446 1140 1524 Deinde,
1148 1467 1187 1510 ne
1198 1447 1388 1526 'Herculem

109 1523 223 1579 prospera
252 1540 253 1546 ’
272 1533 447 1597 Alexandri
463 1535 555 1614 lilius,
571 1537 625 1616 qui
639 1531 705 1596 leri
718 1555 814 1597 anuos
825 1534 1064 1614 quatuordecim
1075 1548 1261 1611 excesserat,
1272 1533 1386 1598 favore

110 1597 258 1701 quqqeqppss
271 1621 390 1703 paterni
411 1617 546 1684 nominis
568 1621 602 1682 iu
622 1619 754 1702 reg'uum
778 1617 977 1682 Macedoniae
992 1632 1167 1695 vocaretur,
1181 1619 1284 1682 occidi
1309 1641 1386 1684 eum

111 1712 152 1762 ol.
167 1712 220 1766 117.
234 1716 258 1764 2.
270 1702 363 1768 tacitd
379 1725 451 1768 cum
466 1721 564 1768 matre
586 1706 716 1768 Barsine
734 1705 836 1789 jubet,
851 1725 1042 1788 corporaque
1057 1725 1167 1766 eorum
1182 1707 1265 1766 terri
1276 1706 1385 1783 obrui,

110 1779 314 1852 1erdifflue-
332 1792 431 1854 cades
453 1793 611 1874 sepulturi
632 1793 835 1875 prodereturr
858 1788 916 1865 bet,
933 1787 1022 1872 quasi
1044 1809 1154 1872 parurn
1177 1787 1329 1854 facinoris
1352 1793 1386 1854 iu

110 1847 337 1960 Ant'‘3‘309'ipso
352 1875 491 1963 primum
504 1899 600 1960 rege,
615 1897 691 1948 more
711 1877 744 1938 in
765 1890 865 1939 matre
887 1875 955 1959 ejus
971 1873 1173 1957 Olympiade,
1187 1895 1223 1938 ac
1240 1873 1307 1938 lilio
1326 1879 1386 1940 ad-

268 1962 417 2037 misisset,
431 1963 563 2023 alterum
578 1981 703 2043 quoque
719 1961 818 2024 filium
835 1981 907 2022 curn
923 1973 1022 2022 matre
1039 1958 1169 2024 Roxane
1184 1961 1252 2043 pari
1267 1960 1387 2028 fraude

267 2045 433 2119 i'nterficit;
455 2046 574 2110 scilicet
595 2046 685 2128 quasi
707 2067 842 2128 regnum
866 2043 1075 2120 Macedonia,
1098 2047 1184 2127 quod
1206 2046 1387 2128 affectabat,

266 2131 357 2194 aliter
378 2133 526 2214 consequi
546 2127 641 2213 quim
663 2131 780 2194 scelere
801 2152 864 2194 nou
887 2120 1002 2214 posset.
1048 2128 1172 2194 Interei
1188 2131 1386 2199 Ptolemaeus

267 2237 341 2279 cum
364 2216 541 2296 Demetrio,
554 2216 670 2280 ³navali
691 2217 796 2300 prelio
821 2217 942 2291 iterato,
962 2217 1183 2299 congreditur;
1205 2233 1249 2298 et,
1264 2220 1386 2285 amissa

266 2303 375 2377 classe,
389 2302 533 2384 hostique
550 2305 693 2365 concessi
705 2302 844 2380 victorii,
859 2303 890 2365 iu
903 2301 1076 2386 AEgyptum
1090 2302 1218 2388 refugit.
1258 2305 1386 2370 Deme-

265 2389 344 2450 trius
360 2379 458 2450 lilium
471 2389 633 2452 Ptolemaei
649 2388 878 2466 ⁴Leontiscum,
892 2405 925 2451 et
940 2389 1068 2452 fratrem
1085 2387 1282 2470 Menelaum,
1299 2393 1384 2457 ami-

265 2493 380 2555 cosque
396 2474 465 2558 ejus
481 2495 554 2538 cum
569 2476 681 2556 privati
697 2475 894 2539 instrumenti
909 2474 1095 2562 ministerio,
1109 2475 1175 2561 pari
1189 2493 1384 2559 provocatus

265 2557 355 2624 antei
379 2581 520 2638 munere,
542 2559 727 2645 eAEgypturn
753 2561 904 2624 remittit:
930 2575 973 2638 et,
994 2573 1217 2645 utappareret
1237 2583 1294 2626 cos
1316 2585 1385 2629 non

264 2645 350 2723 odio,
365 2648 422 2708 sed
439 2647 600 2728 diguitatis
624 2647 721 2730 gloriis
743 2667 900 2723 accensos,
916 2647 1006 2709 donis
1028 2647 1273 2730 muneribusque
1297 2648 1386 2715 inter

264 2732 332 2817 ipsa
344 2732 423 2794 bella
439 2734 676 2796 contendebant.
698 2731 804 2794 Tanti)
819 2731 982 2796 honestius
994 2745 1068 2796 tunc
1082 2731 1161 2796 bella
1175 2735 1384 2816 gerebantur,

666 2945 964 2998 tn’TffitPuETATm.

295 3157 312 3192 a
330 3141 367 3192 Et
383 3141 492 3192 reddidit
509 3144 558 3205 iper·
576 3141 700 3192 Demetrio
718 3157 806 3190 umrrem
830 3144 916 3201 andro,
928 3155 984 3192 maa
995 3143 1152 3208 laejurfilr'o
1167 3154 1284 3198 statuite
1300 3149 1383 3214 Olym.
1437 3137 1438 3140 ¹

174 3211 177 3216 “
260 3211 429 3274 supellectilem
446 3212 605 3274 domesticam,
619 3218 644 3257 et
660 3223 750 3260 omues
761 3209 807 3273 sa·
826 3211 902 3273 piade
914 3211 1058 3258 occidendis.
1273 3231 1275 3238 ⁴

261 3279 398 3327 mathaeum
406 3275 488 3324 cerdis
499 3275 644 3338 leruriflcir.
861 3279 1002 3325 cRemittr't
1019 3279 1046 3325 in
1060 3275 1197 3341 AEgyptum
1217 3281 1270 3344 ejus
1286 3287 1383 3335 amicos

296 3341 361 3388 bEt
377 3343 450 3402 quasi
465 3357 513 3389 non
527 3345 589 3391 satia
603 3358 716 3406 magnum
728 3344 805 3392 scelus
828 3359 881 3392 eum
898 3345 960 3392 amni
975 3359 1056 3394 aarum
1071 3346 1223 3407 supellectih',
1235 3344 1300 3397 ciem
1318 3350 1382 3413 ipse
1436 3343 1437 3358 ³

260 3408 407 3466 sumsisset,
420 3405 526 3471 primdm
541 3412 569 3458 ia
584 3412 635 3473 ipso
653 3425 713 3473 rege
728 3413 805 3460 Alex·
828 3413 877 3460 tale
888 3425 972 3460 mimus
983 3409 1138 3460 dPtolemaeo
1150 3412 1225 3463 anteri
1235 3419 1382 3481 recepisset.

755 3579 871 3628 Norffl.
926 3565 928 3570 ’

259 3740 304 3777 sus
315 3727 452 3793 congredi,
462 3729 525 3778 licet
537 3745 597 3779 eum
609 3729 691 3780 duces
704 3730 721 3781 a
737 3744 803 3798 pug·
825 3737 878 3790 tur,
886 3735 1021 3792 evocatus,
1033 3729 1050 3781 ὲ
1061 3731 1280 3798 Polyperchonte,
1290 3751 1381 3804 quem

257 3799 290 3843 na
303 3793 477 3855 deterrerent,
489 3807 550 3860 post
562 3813 621 3847 acre
634 3799 751 3863 prelium
763 3797 802 3848 fu·
824 3799 971 3849 Cassander
988 3797 1071 3850 etiam
1086 3807 1249 3865 corruperat,
1261 3813 1380 3858 necatus

258 3876 320 3926 gere
333 3869 441 3911 coactus
453 3871 509 3916 est:
522 3861 732 3929 quinquemillia
743 3881 802 3915 suo·
824 3873 874 3914 est.

256 3943 314 3976 rum
326 3939 401 3986 cesa,
413 3935 475 3980 octo
485 3929 802 3995 milliacspta,Phuenicia
857 3933 991 3982 saraam
1004 3929 1112 3996 prelia]
1133 3935 1196 3990 Qua
1216 3932 1243 3984 itt
1268 3935 1382 3991 Graecia

256 3996 362 4052 amissa,
372 3997 531 4044 temeritatis
543 3999 650 4060 premia
658 3997 773 4046 luerunt.
824 3998 909 4062 gessit
924 4000 1090 4056 Demetriusr
1109 3999 1252 4052 Munichiae
1268 4017 1382 4074 expug.
1433 4013 1434 4046 t

291 4059 470 4120 madernas]
484 4063 633 4112 Autariatae
646 4070 724 4112 vocat
741 4064 802 4113 Dio·
823 4065 963 4121 nationem,
980 4065 1015 4116 de
1032 4065 1173 4116 Ptolemaeo
1190 4068 1305 4136 ejusque
1323 4069 1381 4128 fra.

255 4125 336 4176 dorus
358 4127 431 4176 'uxta
449 4128 586 4176 Orbitaum
607 4129 711 4178 Paeotriae
731 4143 801 4181 mon·
823 4129 1382 4202 treMenelaonavaleevietoriaefflptum.

254 4201 307 4242 tem
321 4143 487 4246 haiitastesr
501 4189 652 4258 quae'lectio
664 4197 772 4246 sincera.
821 4212 874 4263 que
884 4202 997 4264 Cyprum
1008 4198 1130 4260 insulam,
1139 4201 1228 4254 amisit
1237 4204 1381 4258 tustinus.

288 4261 451 4324 altercans]
463 4261 558 4310 Occiso
569 4267 721 4326 nupercum'
732 4265 800 4314 Rox·
853 4268 872 4316 4
888 4261 1063 4328 Leontiscum]
1085 4267 1148 4322 Quae
1165 4267 1201 4319 de
1225 4272 1379 4326 leontisco

253 4339 302 4372 aue
320 4334 413 4388 matre,
430 4327 569 4378 Cassandri
577 4329 671 4394 -jussu,
689 4330 798 4384 Alexan·
815 4332 950 4392 lustinus,
970 4329 1004 4380 de
1026 4332 1134 4396 Cyllene
1155 4333 1223 4386 duce
1242 4335 1325 4401 petus
1345 4341 1377 4393 iu

253 4391 318 4448 driu
331 4393 460 4447 Hercules
472 4395 663 4463 Bergsmo‚ubi
673 4397 803 4452 educabit·
823 4397 956 4450 Phoenicia
964 4399 1036 4452 ricta
1047 4397 1132 4455 refert
1143 4397 1314 4472 Plutarchus.

1428 4629 1431 4810 l

1424 4819 1430 4871 l
