<?xml version="1.0" encoding="UTF-8"?>
<!DOCTYPE html PUBLIC "-//W3C//DTD XHTML 1.0 Transitional//EN"
    "http://www.w3.org/TR/xhtml1/DTD/xhtml1-transitional.dtd">
<html xmlns="http://www.w3.org/1999/xhtml" xml:lang="en" lang="en">
 <head>
  <title>
</title>
<meta http-equiv="Content-Type" content="text/html;charset=utf-8" />
  <meta name='ocr-system' content='tesseract 3.04.00' />
  <meta name='ocr-capabilities' content='ocr_page ocr_carea ocr_par ocr_line ocrx_word'/>
</head>
<body>
  <div class='ocr_page' id='page_1' title='image "./justinusdehisto00bonggoog_0226.png"; bbox 0 0 2886 4906; ppageno 0'>
   <div class='ocr_carea' id='block_1_1' title="bbox 716 192 916 342">
    <p class='ocr_par' dir='ltr' id='par_1_1' title="bbox 716 192 916 342">
     <span class='ocr_line' id='line_1_1' title="bbox 716 192 916 342; baseline 0.005 -21"><span class='ocrx_word' id='word_1_1' title='bbox 716 192 916 342; x_wconf 75' lang='lat' dir='ltr'><strong>Jusrmr</strong></span> 
     </span>
    </p>
   </div>
   <div class='ocr_carea' id='block_1_2' title="bbox 96 423 1401 3012">
    <p class='ocr_par' dir='ltr' id='par_1_2' title="bbox 179 423 1385 1808">
     <span class='ocr_line' id='line_1_2' title="bbox 260 423 1385 516; baseline -0.004 -20"><span class='ocrx_word' id='word_1_2' title='bbox 260 429 366 508; x_wconf 80' lang='lat' dir='ltr'><strong>nasso,</strong></span> <span class='ocrx_word' id='word_1_3' title='bbox 383 430 426 494; x_wconf 87' lang='lat' dir='ltr'><strong>iu.</strong></span> <span class='ocrx_word' id='word_1_4' title='bbox 441 434 520 516; x_wconf 80' lang='lat' dir='ltr'><strong>rupe</strong></span> <span class='ocrx_word' id='word_1_5' title='bbox 543 428 682 514; x_wconf 86' lang='lat' dir='ltr'><strong>undique</strong></span> <span class='ocrx_word' id='word_1_6' title='bbox 702 428 920 513; x_wconf 75' lang='lat' dir='ltr'><strong>impendentes</strong></span> <span class='ocrx_word' id='word_1_7' title='bbox 946 425 991 494; x_wconf 87' lang='lat' dir='ltr'><strong>ibi</strong></span> <span class='ocrx_word' id='word_1_8' title='bbox 1013 425 1173 493; x_wconf 83' lang='lat' dir='ltr'><strong>civitatem</strong></span> <span class='ocrx_word' id='word_1_9' title='bbox 1194 423 1385 512; x_wconf 69' lang='lat' dir='ltr'>frequentin</span> 
     </span>
     <span class='ocr_line' id='line_1_3' title="bbox 260 513 1379 604; baseline -0.004 -23"><span class='ocrx_word' id='word_1_10' title='bbox 260 517 425 604; x_wconf 85' lang='lat' dir='ltr'><strong>hominum</strong></span> <span class='ocrx_word' id='word_1_11' title='bbox 447 515 541 592; x_wconf 72' lang='lat' dir='ltr'><strong>lecit,</strong></span> <span class='ocrx_word' id='word_1_12' title='bbox 563 518 644 600; x_wconf 76' lang='lat' dir='ltr'><strong>aqui,</strong></span> <span class='ocrx_word' id='word_1_13' title='bbox 660 515 864 580; x_wconf 78' lang='lat' dir='ltr'><strong>admiratione</strong></span> <span class='ocrx_word' id='word_1_14' title='bbox 885 514 1059 599; x_wconf 85' lang='lat' dir='ltr'><strong>majestatis</strong></span> <span class='ocrx_word' id='word_1_15' title='bbox 1079 513 1222 597; x_wconf 86' lang='lat' dir='ltr'><strong>undique.</strong></span> <span class='ocrx_word' id='word_1_16' title='bbox 1240 533 1379 578; x_wconf 88' lang='lat' dir='ltr'><strong>concur·</strong></span> 
     </span>
     <span class='ocr_line' id='line_1_4' title="bbox 259 599 1380 685; baseline -0.003 -17"><span class='ocrx_word' id='word_1_17' title='bbox 259 618 375 680; x_wconf 84' lang='lat' dir='ltr'><strong>rentes,</strong></span> <span class='ocrx_word' id='word_1_18' title='bbox 389 601 422 666; x_wconf 91' lang='lat' dir='ltr'><strong>in</strong></span> <span class='ocrx_word' id='word_1_19' title='bbox 443 623 482 664; x_wconf 87' lang='lat' dir='ltr'><strong>eo</strong></span> <span class='ocrx_word' id='word_1_20' title='bbox 503 624 579 666; x_wconf 84' lang='lat' dir='ltr'><strong>saxo</strong></span> <span class='ocrx_word' id='word_1_21' title='bbox 602 602 772 666; x_wconf 70' lang='lat' dir='ltr'><strong>consedere</strong></span> <span class='ocrx_word' id='word_1_22' title='bbox 781 625 791 664; x_wconf 83' lang='lat' dir='ltr'><strong>t</strong></span> <span class='ocrx_word' id='word_1_23' title='bbox 815 610 908 685; x_wconf 85' lang='lat' dir='ltr'><strong>atque</strong></span> <span class='ocrx_word' id='word_1_24' title='bbox 924 603 968 666; x_wconf 88' lang='lat' dir='ltr'><strong>ita</strong></span> <span class='ocrx_word' id='word_1_25' title='bbox 983 600 1136 685; x_wconf 84' lang='lat' dir='ltr'><strong>templum</strong></span> <span class='ocrx_word' id='word_1_26' title='bbox 1157 614 1190 662; x_wconf 84' lang='lat' dir='ltr'><strong>et</strong></span> <span class='ocrx_word' id='word_1_27' title='bbox 1210 599 1380 665; x_wconf 83' lang='lat' dir='ltr'><strong>civitatem</strong></span> 
     </span>
     <span class='ocr_line' id='line_1_5' title="bbox 259 685 1378 774; baseline -0.004 -22"><span class='ocrx_word' id='word_1_28' title='bbox 259 711 322 752; x_wconf 89' lang='lat' dir='ltr'><strong>non</strong></span> <span class='ocrx_word' id='word_1_29' title='bbox 337 689 431 765; x_wconf 87' lang='lat' dir='ltr'><strong>muri,</strong></span> <span class='ocrx_word' id='word_1_30' title='bbox 446 689 504 756; x_wconf 86' lang='lat' dir='ltr'><strong>sed</strong></span> <span class='ocrx_word' id='word_1_31' title='bbox 524 689 716 774; x_wconf 85' lang='lat' dir='ltr'><strong>praecipitia;</strong></span> <span class='ocrx_word' id='word_1_32' title='bbox 735 709 796 753; x_wconf 89' lang='lat' dir='ltr'><strong>neo</strong></span> <span class='ocrx_word' id='word_1_33' title='bbox 811 695 906 752; x_wconf 85' lang='lat' dir='ltr'><strong>manu</strong></span> <span class='ocrx_word' id='word_1_34' title='bbox 920 685 1012 767; x_wconf 85' lang='lat' dir='ltr'><strong>facta,</strong></span> <span class='ocrx_word' id='word_1_35' title='bbox 1026 687 1083 750; x_wconf 88' lang='lat' dir='ltr'><strong>sed</strong></span> <span class='ocrx_word' id='word_1_36' title='bbox 1100 685 1252 750; x_wconf 87' lang='lat' dir='ltr'><strong>naturalia</strong></span> <span class='ocrx_word' id='word_1_37' title='bbox 1267 688 1378 770; x_wconf 83' lang='lat' dir='ltr'><strong>praesi·</strong></span> 
     </span>
     <span class='ocr_line' id='line_1_6' title="bbox 258 771 1379 858; baseline 0.001 -20"><span class='ocrx_word' id='word_1_38' title='bbox 258 773 313 838; x_wconf 89' lang='lat' dir='ltr'><strong>dia</strong></span> <span class='ocrx_word' id='word_1_39' title='bbox 332 773 527 849; x_wconf 87' lang='lat' dir='ltr'><strong>defenduut;</strong></span> <span class='ocrx_word' id='word_1_40' title='bbox 550 773 690 858; x_wconf 81' lang='lat' dir='ltr'><strong>&#39;&#39;prorsus</strong></span> <span class='ocrx_word' id='word_1_41' title='bbox 711 787 747 838; x_wconf 89' lang='lat' dir='ltr'><strong>ut</strong></span> <span class='ocrx_word' id='word_1_42' title='bbox 769 776 922 840; x_wconf 88' lang='lat' dir='ltr'><strong>incertum</strong></span> <span class='ocrx_word' id='word_1_43' title='bbox 944 772 995 852; x_wconf 91' lang='lat' dir='ltr'><strong>sit,</strong></span> <span class='ocrx_word' id='word_1_44' title='bbox 1009 771 1119 838; x_wconf 79' lang='lat' dir='ltr'><strong>utrum</strong></span> <span class='ocrx_word' id='word_1_45' title='bbox 1139 772 1379 838; x_wconf 82' lang='lat' dir='ltr'><strong>munimentum</strong></span> 
     </span>
     <span class='ocr_line' id='line_1_7' title="bbox 259 857 1378 944; baseline 0 -22"><span class='ocrx_word' id='word_1_46' title='bbox 259 859 332 938; x_wconf 89' lang='lat' dir='ltr'><strong>loci,</strong></span> <span class='ocrx_word' id='word_1_47' title='bbox 343 881 381 924; x_wconf 88' lang='lat' dir='ltr'><strong>an</strong></span> <span class='ocrx_word' id='word_1_48' title='bbox 395 861 542 944; x_wconf 86' lang='lat' dir='ltr'><strong>majestas</strong></span> <span class='ocrx_word' id='word_1_49' title='bbox 557 861 609 924; x_wconf 86' lang='lat' dir='ltr'><strong>dei</strong></span> <span class='ocrx_word' id='word_1_50' title='bbox 625 862 693 944; x_wconf 86' lang='lat' dir='ltr'><strong>plus</strong></span> <span class='ocrx_word' id='word_1_51' title='bbox 708 860 760 923; x_wconf 91' lang='lat' dir='ltr'><strong>hic</strong></span> <span class='ocrx_word' id='word_1_52' title='bbox 776 859 992 926; x_wconf 81' lang='lat' dir='ltr'><strong>admirationis</strong></span> <span class='ocrx_word' id='word_1_53' title='bbox 1006 859 1128 924; x_wconf 87' lang='lat' dir='ltr'><strong>habeat.</strong></span> <span class='ocrx_word' id='word_1_54' title='bbox 1173 857 1291 922; x_wconf 83' lang='lat' dir='ltr'><strong>Media</strong></span> <span class='ocrx_word' id='word_1_55' title='bbox 1306 859 1378 922; x_wconf 89' lang='lat' dir='ltr'><strong>saxi</strong></span> 
     </span>
     <span class='ocr_line' id='line_1_8' title="bbox 258 943 1377 1030; baseline 0.002 -22"><span class='ocrx_word' id='word_1_56' title='bbox 258 952 353 1030; x_wconf 87' lang='lat' dir='ltr'><strong>rupes</strong></span> <span class='ocrx_word' id='word_1_57' title='bbox 377 946 411 1010; x_wconf 87' lang='lat' dir='ltr'><strong>iu</strong></span> <span class='ocrx_word' id='word_1_58' title='bbox 434 947 568 1009; x_wconf 87' lang='lat' dir='ltr'><strong>formam</strong></span> <span class='ocrx_word' id='word_1_59' title='bbox 590 946 702 1014; x_wconf 80' lang='lat' dir='ltr'><strong>theatri</strong></span> <span class='ocrx_word' id='word_1_60' title='bbox 724 947 862 1014; x_wconf 82' lang='lat' dir='ltr'><strong>recessit.</strong></span> <span class='ocrx_word' id='word_1_61' title='bbox 901 945 1127 1022; x_wconf 69' lang='lat' dir='ltr'><strong>Quomourem</strong></span> <span class='ocrx_word' id='word_1_62' title='bbox 1150 959 1184 1008; x_wconf 83' lang='lat' dir='ltr'><strong>et</strong></span> <span class='ocrx_word' id='word_1_63' title='bbox 1204 943 1377 1010; x_wconf 89' lang='lat' dir='ltr'><strong>hominum</strong></span> 
     </span>
     <span class='ocr_line' id='line_1_9' title="bbox 258 1030 1377 1116; baseline 0.002 -22"><span class='ocrx_word' id='word_1_64' title='bbox 258 1032 386 1112; x_wconf 85' lang='lat' dir='ltr'><strong>elamor,</strong></span> <span class='ocrx_word' id='word_1_65' title='bbox 401 1042 447 1094; x_wconf 77' lang='lat' dir='ltr'><strong>cet</strong></span> <span class='ocrx_word' id='word_1_66' title='bbox 465 1034 492 1094; x_wconf 87' lang='lat' dir='ltr'><strong>si</strong></span> <span class='ocrx_word' id='word_1_67' title='bbox 508 1033 633 1116; x_wconf 89' lang='lat' dir='ltr'><strong>quando</strong></span> <span class='ocrx_word' id='word_1_68' title='bbox 648 1033 769 1096; x_wconf 86' lang='lat' dir='ltr'><strong>accedit</strong></span> <span class='ocrx_word' id='word_1_69' title='bbox 794 1033 939 1099; x_wconf 89' lang='lat' dir='ltr'><strong>tubarum</strong></span> <span class='ocrx_word' id='word_1_70' title='bbox 959 1053 1065 1110; x_wconf 83' lang='lat' dir='ltr'><strong>sonus,</strong></span> <span class='ocrx_word' id='word_1_71' title='bbox 1079 1030 1316 1115; x_wconf 80' lang='lat' dir='ltr'><strong>personantibus</strong></span> <span class='ocrx_word' id='word_1_72' title='bbox 1340 1045 1377 1096; x_wconf 91' lang='lat' dir='ltr'><strong>et</strong></span> 
     </span>
     <span class='ocr_line' id='line_1_10' title="bbox 257 1115 1374 1204; baseline 0 -24"><span class='ocrx_word' id='word_1_73' title='bbox 257 1117 517 1200; x_wconf 85' lang='lat' dir='ltr'><strong>respondentibus</strong></span> <span class='ocrx_word' id='word_1_74' title='bbox 539 1119 619 1182; x_wconf 87' lang='lat' dir='ltr'><strong>inter</strong></span> <span class='ocrx_word' id='word_1_75' title='bbox 640 1139 674 1182; x_wconf 86' lang='lat' dir='ltr'><strong>se</strong></span> <span class='ocrx_word' id='word_1_76' title='bbox 696 1120 837 1202; x_wconf 83' lang='lat' dir='ltr'><strong>rupibus,</strong></span> <span class='ocrx_word' id='word_1_77' title='bbox 858 1117 1023 1204; x_wconf 83' lang='lat' dir='ltr'><strong>multiplex</strong></span> <span class='ocrx_word' id='word_1_78' title='bbox 1043 1116 1158 1196; x_wconf 88' lang='lat' dir='ltr'><strong>audiri,</strong></span> <span class='ocrx_word' id='word_1_79' title='bbox 1174 1115 1374 1200; x_wconf 82' lang='lat' dir='ltr'><strong>ampliorque</strong></span> 
     </span>
     <span class='ocr_line' id='line_1_11' title="bbox 259 1199 1374 1290; baseline 0 -23"><span class='ocrx_word' id='word_1_80' title='bbox 259 1199 355 1284; x_wconf 71' lang='lat' dir='ltr'><strong>quam</strong></span> <span class='ocrx_word' id='word_1_81' title='bbox 370 1204 487 1281; x_wconf 87' lang='lat' dir='ltr'><strong>editur,</strong></span> <span class='ocrx_word' id='word_1_82' title='bbox 501 1225 645 1268; x_wconf 87' lang='lat' dir='ltr'><strong>resonare</strong></span> <span class='ocrx_word' id='word_1_83' title='bbox 657 1205 747 1267; x_wconf 87' lang='lat' dir='ltr'><strong>soler.</strong></span> <span class='ocrx_word' id='word_1_84' title='bbox 793 1203 876 1280; x_wconf 80' lang='lat' dir='ltr'><strong>Quae</strong></span> <span class='ocrx_word' id='word_1_85' title='bbox 890 1225 941 1268; x_wconf 86' lang='lat' dir='ltr'><strong>res</strong></span> <span class='ocrx_word' id='word_1_86' title='bbox 955 1204 1107 1290; x_wconf 86' lang='lat' dir='ltr'><strong>majorem</strong></span> <span class='ocrx_word' id='word_1_87' title='bbox 1120 1201 1297 1290; x_wconf 84' lang='lat' dir='ltr'><strong>majestatis</strong></span> <span class='ocrx_word' id='word_1_88' title='bbox 1311 1216 1374 1267; x_wconf 86' lang='lat' dir='ltr'><strong>ter·</strong></span> 
     </span>
     <span class='ocr_line' id='line_1_12' title="bbox 257 1289 1374 1375; baseline 0.001 -24"><span class='ocrx_word' id='word_1_89' title='bbox 257 1308 362 1364; x_wconf 84' lang='lat' dir='ltr'><strong>rorem</strong></span> <span class='ocrx_word' id='word_1_90' title='bbox 380 1289 497 1375; x_wconf 84' lang='lat' dir='ltr'><strong>ignaris</strong></span> <span class='ocrx_word' id='word_1_91' title='bbox 518 1290 578 1366; x_wconf 86' lang='lat' dir='ltr'><strong>rei,</strong></span> <span class='ocrx_word' id='word_1_92' title='bbox 591 1305 623 1354; x_wconf 86' lang='lat' dir='ltr'><strong>et</strong></span> <span class='ocrx_word' id='word_1_93' title='bbox 645 1289 886 1357; x_wconf 81' lang='lat' dir='ltr'><strong>admirationem</strong></span> <span class='ocrx_word' id='word_1_94' title='bbox 906 1291 1101 1372; x_wconf 85' lang='lat' dir='ltr'><strong>stupentibus</strong></span> <span class='ocrx_word' id='word_1_95' title='bbox 1120 1289 1311 1374; x_wconf 84' lang='lat' dir='ltr'><strong>plerumque</strong></span> <span class='ocrx_word' id='word_1_96' title='bbox 1327 1289 1374 1353; x_wconf 87' lang='lat' dir='ltr'><strong>af·</strong></span> 
     </span>
     <span class='ocr_line' id='line_1_13' title="bbox 257 1371 1373 1460; baseline 0.004 -24"><span class='ocrx_word' id='word_1_97' title='bbox 257 1371 330 1438; x_wconf 85' lang='lat' dir='ltr'><strong>fert.</strong></span> <span class='ocrx_word' id='word_1_98' title='bbox 374 1375 413 1440; x_wconf 89' lang='lat' dir='ltr'><strong>In</strong></span> <span class='ocrx_word' id='word_1_99' title='bbox 436 1377 496 1440; x_wconf 90' lang='lat' dir='ltr'><strong>hoo</strong></span> <span class='ocrx_word' id='word_1_100' title='bbox 519 1377 606 1460; x_wconf 85' lang='lat' dir='ltr'><strong>rupis</strong></span> <span class='ocrx_word' id='word_1_101' title='bbox 629 1375 780 1454; x_wconf 84' lang='lat' dir='ltr'><strong>anfractu,</strong></span> <span class='ocrx_word' id='word_1_102' title='bbox 802 1375 907 1436; x_wconf 72' lang='lat' dir='ltr'><strong>medii</strong></span> <span class='ocrx_word' id='word_1_103' title='bbox 929 1372 1030 1440; x_wconf 64' lang='lat' dir='ltr'><strong>ferm&amp;</strong></span> <span class='ocrx_word' id='word_1_104' title='bbox 1054 1375 1170 1438; x_wconf 84' lang='lat' dir='ltr'><strong>montis</strong></span> <span class='ocrx_word' id='word_1_105' title='bbox 1192 1374 1373 1456; x_wconf 84' lang='lat' dir='ltr'><strong>altitudine,</strong></span> 
     </span>
     <span class='ocr_line' id='line_1_14' title="bbox 256 1457 1372 1546; baseline 0.004 -24"><span class='ocrx_word' id='word_1_106' title='bbox 256 1459 406 1542; x_wconf 86' lang='lat' dir='ltr'><strong>planicies</strong></span> <span class='ocrx_word' id='word_1_107' title='bbox 417 1463 533 1544; x_wconf 82' lang='lat' dir='ltr'><strong>exigua</strong></span> <span class='ocrx_word' id='word_1_108' title='bbox 543 1476 602 1539; x_wconf 86' lang='lat' dir='ltr'><strong>est,</strong></span> <span class='ocrx_word' id='word_1_109' title='bbox 611 1476 704 1544; x_wconf 83' lang='lat' dir='ltr'><strong>atque</strong></span> <span class='ocrx_word' id='word_1_110' title='bbox 714 1461 746 1523; x_wconf 91' lang='lat' dir='ltr'><strong>in</strong></span> <span class='ocrx_word' id='word_1_111' title='bbox 755 1463 791 1524; x_wconf 75' lang='lat' dir='ltr'><strong>ea</strong></span> <span class='ocrx_word' id='word_1_112' title='bbox 802 1457 994 1543; x_wconf 87' lang='lat' dir='ltr'><strong>profundum</strong></span> <span class='ocrx_word' id='word_1_113' title='bbox 1004 1475 1093 1525; x_wconf 79' lang='lat' dir='ltr'><strong>terrae</strong></span> <span class='ocrx_word' id='word_1_114' title='bbox 1102 1458 1256 1538; x_wconf 75' lang='lat' dir='ltr'><strong>foramen,</strong></span> <span class='ocrx_word' id='word_1_115' title='bbox 1265 1459 1372 1546; x_wconf 73' lang='lat' dir='ltr'><strong>dquod</strong></span> 
     </span>
     <span class='ocr_line' id='line_1_15' title="bbox 179 1545 1372 1632; baseline 0.003 -24"><span class='ocrx_word' id='word_1_116' title='bbox 179 1615 180 1620; x_wconf 9' lang='grc' dir='ltr'>η</span> <span class='ocrx_word' id='word_1_117' title='bbox 229 1592 244 1614; x_wconf 62' lang='grc'><strong>,,</strong></span> <span class='ocrx_word' id='word_1_118' title='bbox 256 1547 290 1608; x_wconf 90' lang='lat' dir='ltr'><strong>iu</strong></span> <span class='ocrx_word' id='word_1_119' title='bbox 303 1545 429 1610; x_wconf 86' lang='lat' dir='ltr'><strong>oracula</strong></span> <span class='ocrx_word' id='word_1_120' title='bbox 444 1561 547 1632; x_wconf 89' lang='lat' dir='ltr'><strong>patet;</strong></span> <span class='ocrx_word' id='word_1_121' title='bbox 564 1567 606 1610; x_wconf 85' lang='lat' dir='ltr'><strong>ex</strong></span> <span class='ocrx_word' id='word_1_122' title='bbox 620 1567 684 1629; x_wconf 91' lang='lat' dir='ltr'><strong>quo</strong></span> <span class='ocrx_word' id='word_1_123' title='bbox 694 1545 831 1631; x_wconf 79' lang='lat' dir='ltr'><strong>frigidus</strong></span> <span class='ocrx_word' id='word_1_124' title='bbox 845 1545 985 1628; x_wconf 87' lang='lat' dir='ltr'><strong>spiritus,</strong></span> <span class='ocrx_word' id='word_1_125' title='bbox 998 1545 1032 1610; x_wconf 88' lang='lat' dir='ltr'><strong>vi</strong></span> <span class='ocrx_word' id='word_1_126' title='bbox 1047 1547 1183 1630; x_wconf 77' lang='lat' dir='ltr'><strong>quadam</strong></span> <span class='ocrx_word' id='word_1_127' title='bbox 1192 1548 1285 1614; x_wconf 81' lang='lat' dir='ltr'><strong>velut</strong></span> <span class='ocrx_word' id='word_1_128' title='bbox 1295 1569 1372 1612; x_wconf 86' lang='lat' dir='ltr'><strong>veu-</strong></span> 
     </span>
     <span class='ocr_line' id='line_1_16' title="bbox 256 1631 1372 1716; baseline 0.004 -22"><span class='ocrx_word' id='word_1_129' title='bbox 256 1644 290 1694; x_wconf 91' lang='lat' dir='ltr'><strong>to</strong></span> <span class='ocrx_word' id='word_1_130' title='bbox 305 1632 337 1696; x_wconf 93' lang='lat' dir='ltr'><strong>in</strong></span> <span class='ocrx_word' id='word_1_131' title='bbox 352 1634 485 1698; x_wconf 88' lang='lat' dir='ltr'><strong>sublime</strong></span> <span class='ocrx_word' id='word_1_132' title='bbox 492 1635 660 1716; x_wconf 75' lang='lat' dir='ltr'><strong>expulsus,</strong></span> <span class='ocrx_word' id='word_1_133' title='bbox 675 1646 795 1698; x_wconf 88' lang='lat' dir='ltr'><strong>mentes</strong></span> <span class='ocrx_word' id='word_1_134' title='bbox 809 1631 966 1702; x_wconf 85' lang='lat' dir='ltr'><strong>vatumin</strong></span> <span class='ocrx_word' id='word_1_135' title='bbox 980 1631 1160 1700; x_wconf 78' lang='lat' dir='ltr'><strong>vecordiam</strong></span> <span class='ocrx_word' id='word_1_136' title='bbox 1171 1635 1287 1710; x_wconf 67' lang='lat' dir='ltr'><strong>vertite</strong></span> <span class='ocrx_word' id='word_1_137' title='bbox 1307 1634 1372 1699; x_wconf 89' lang='lat' dir='ltr'><strong>im·</strong></span> 
     </span>
     <span class='ocr_line' id='line_1_17' title="bbox 255 1717 1372 1808; baseline 0.006 -28"><span class='ocrx_word' id='word_1_138' title='bbox 255 1719 416 1804; x_wconf 85' lang='lat' dir='ltr'><strong>pletasqne</strong></span> <span class='ocrx_word' id='word_1_139' title='bbox 432 1721 504 1799; x_wconf 91' lang='lat' dir='ltr'><strong>deo,</strong></span> <span class='ocrx_word' id='word_1_140' title='bbox 517 1741 665 1803; x_wconf 86' lang='lat' dir='ltr'><strong>responsa</strong></span> <span class='ocrx_word' id='word_1_141' title='bbox 679 1718 910 1783; x_wconf 83' lang='lat' dir='ltr'><strong>consulentibus</strong></span> <span class='ocrx_word' id='word_1_142' title='bbox 920 1718 996 1782; x_wconf 87' lang='lat' dir='ltr'><strong>dare</strong></span> <span class='ocrx_word' id='word_1_143' title='bbox 1011 1717 1105 1804; x_wconf 83' lang='lat' dir='ltr'><strong>oogit</strong></span> <span class='ocrx_word' id='word_1_144' title='bbox 1152 1717 1261 1784; x_wconf 86' lang='lat' dir='ltr'><strong>Multa</strong></span> <span class='ocrx_word' id='word_1_145' title='bbox 1271 1721 1372 1808; x_wconf 76' lang='lat' dir='ltr'><strong>igitur</strong></span> 
     </span>
    </p>

    <p class='ocr_par' dir='ltr' id='par_1_3' title="bbox 256 1801 1401 1978">
     <span class='ocr_line' id='line_1_18' title="bbox 256 1801 1401 1892; baseline 0.003 -25"><span class='ocrx_word' id='word_1_146' title='bbox 256 1801 301 1884; x_wconf 79' lang='lat' dir='ltr'><strong>ibi</strong></span> <span class='ocrx_word' id='word_1_147' title='bbox 322 1822 356 1869; x_wconf 89' lang='lat' dir='ltr'><strong>et</strong></span> <span class='ocrx_word' id='word_1_148' title='bbox 369 1807 527 1891; x_wconf 85' lang='lat' dir='ltr'><strong>¹opolenta</strong></span> <span class='ocrx_word' id='word_1_149' title='bbox 547 1827 660 1890; x_wconf 79' lang='lat' dir='ltr'><strong>regum</strong></span> <span class='ocrx_word' id='word_1_150' title='bbox 681 1805 931 1890; x_wconf 86' lang='lat' dir='ltr'><strong>populorumque</strong></span> <span class='ocrx_word' id='word_1_151' title='bbox 944 1805 1089 1871; x_wconf 83' lang='lat' dir='ltr'><strong>visuntur</strong></span> <span class='ocrx_word' id='word_1_152' title='bbox 1108 1825 1260 1882; x_wconf 69' lang='lat' dir='ltr'><strong>muneror</strong></span> <span class='ocrx_word' id='word_1_153' title='bbox 1283 1825 1373 1892; x_wconf 63' lang='lat' dir='ltr'><strong>quara</strong></span> <span class='ocrx_word' id='word_1_154' title='bbox 1397 1879 1401 1890; x_wconf 33' lang='lat'><strong><em>¹</em></strong></span> 
     </span>
     <span class='ocr_line' id='line_1_19' title="bbox 256 1891 1375 1978; baseline 0.006 -23"><span class='ocrx_word' id='word_1_155' title='bbox 256 1912 318 1978; x_wconf 85' lang='lat' dir='ltr'><strong>que</strong></span> <span class='ocrx_word' id='word_1_156' title='bbox 342 1893 572 1976; x_wconf 78' lang='lat' dir='ltr'><strong>magnificentiit</strong></span> <span class='ocrx_word' id='word_1_157' title='bbox 595 1892 656 1969; x_wconf 87' lang='lat' dir='ltr'><strong>sui,</strong></span> <span class='ocrx_word' id='word_1_158' title='bbox 670 1891 870 1956; x_wconf 85' lang='lat' dir='ltr'><strong>reddentium</strong></span> <span class='ocrx_word' id='word_1_159' title='bbox 885 1903 959 1956; x_wconf 86' lang='lat' dir='ltr'><strong>vota</strong></span> <span class='ocrx_word' id='word_1_160' title='bbox 981 1906 1103 1977; x_wconf 79' lang='lat' dir='ltr'><strong>gratam</strong></span> <span class='ocrx_word' id='word_1_161' title='bbox 1116 1891 1326 1978; x_wconf 78' lang='lat' dir='ltr'><strong>voluntatens,</strong></span> <span class='ocrx_word' id='word_1_162' title='bbox 1341 1908 1375 1962; x_wconf 72' lang='lat' dir='ltr'><strong>tt</strong></span> 
     </span>
    </p>

    <p class='ocr_par' dir='ltr' id='par_1_4' title="bbox 183 1975 1286 2062">
     <span class='ocr_line' id='line_1_20' title="bbox 183 1975 1286 2062; baseline -0.002 -21"><span class='ocrx_word' id='word_1_163' title='bbox 183 2017 187 2028; x_wconf 92' lang='lat'><em>·</em></span> <span class='ocrx_word' id='word_1_164' title='bbox 255 1977 389 2041; x_wconf 88' lang='lat' dir='ltr'><strong>deorum</strong></span> <span class='ocrx_word' id='word_1_165' title='bbox 403 1999 551 2062; x_wconf 81' lang='lat' dir='ltr'><strong>responsa</strong></span> <span class='ocrx_word' id='word_1_166' title='bbox 565 1975 775 2040; x_wconf 83' lang='lat' dir='ltr'><strong>manifestant.</strong></span> <span class='ocrx_word' id='word_1_167' title='bbox 1071 2009 1074 2016; x_wconf 93' lang='lat'>·</span> <span class='ocrx_word' id='word_1_168' title='bbox 1281 2005 1286 2010; x_wconf 92' lang='lat'><em>·</em></span> 
     </span>
    </p>

    <p class='ocr_par' dir='ltr' id='par_1_5' title="bbox 96 2060 1373 2412">
     <span class='ocr_line' id='line_1_21' title="bbox 96 2060 1372 2149; baseline 0.005 -23"><span class='ocrx_word' id='word_1_169' title='bbox 96 2066 227 2146; x_wconf 60' lang='lat' dir='ltr'><strong>firmate*</strong></span> <span class='ocrx_word' id='word_1_170' title='bbox 299 2061 500 2126; x_wconf 86' lang='lat' dir='ltr'><strong>cAP.v11.</strong></span> <span class='ocrx_word' id='word_1_171' title='bbox 528 2061 632 2145; x_wconf 78' lang='lat' dir='ltr'><strong>Igitur</strong></span> <span class='ocrx_word' id='word_1_172' title='bbox 651 2063 806 2140; x_wconf 89' lang='lat' dir='ltr'><strong>Brennus,</strong></span> <span class='ocrx_word' id='word_1_173' title='bbox 825 2060 900 2126; x_wconf 76' lang='lat' dir='ltr'><strong>rum</strong></span> <span class='ocrx_word' id='word_1_174' title='bbox 916 2060 1130 2149; x_wconf 81' lang='lat' dir='ltr'><strong>intempesto</strong></span> <span class='ocrx_word' id='word_1_175' title='bbox 1144 2060 1275 2132; x_wconf 70' lang='lat' dir='ltr'><strong>haberdt</strong></span> <span class='ocrx_word' id='word_1_176' title='bbox 1292 2079 1372 2132; x_wconf 81' lang='lat' dir='ltr'><strong>tem·</strong></span> 
     </span>
     <span class='ocr_line' id='line_1_22' title="bbox 97 2135 1373 2249; baseline 0.005 -37"><span class='ocrx_word' id='word_1_177' title='bbox 97 2135 206 2249; x_wconf 50' lang='lat' dir='ltr'><strong>2:2²²AE</strong></span> <span class='ocrx_word' id='word_1_178' title='bbox 239 2147 353 2239; x_wconf 79' lang='lat' dir='ltr'><strong>plum,</strong></span> <span class='ocrx_word' id='word_1_179' title='bbox 369 2147 424 2212; x_wconf 90' lang='lat' dir='ltr'><strong>diu</strong></span> <span class='ocrx_word' id='word_1_180' title='bbox 440 2148 636 2227; x_wconf 83' lang='lat' dir='ltr'><strong>deliberavit,</strong></span> <span class='ocrx_word' id='word_1_181' title='bbox 649 2163 689 2210; x_wconf 89' lang='lat' dir='ltr'><strong>an</strong></span> <span class='ocrx_word' id='word_1_182' title='bbox 703 2146 869 2212; x_wconf 82' lang='lat' dir='ltr'><strong>confestim</strong></span> <span class='ocrx_word' id='word_1_183' title='bbox 883 2155 951 2212; x_wconf 84' lang='lat' dir='ltr'><strong>rem</strong></span> <span class='ocrx_word' id='word_1_184' title='bbox 969 2151 1212 2236; x_wconf 68' lang='lat' dir='ltr'><strong>aggrederetum</strong></span> <span class='ocrx_word' id='word_1_185' title='bbox 1234 2173 1276 2217; x_wconf 92' lang='lat' dir='ltr'><strong>an</strong></span> <span class='ocrx_word' id='word_1_186' title='bbox 1289 2153 1373 2219; x_wconf 77' lang='lat' dir='ltr'><strong>verb</strong></span> 
     </span>
     <span class='ocr_line' id='line_1_23' title="bbox 97 2217 1370 2318; baseline 0.006 -20"><span class='ocrx_word' id='word_1_187' title='bbox 97 2217 238 2318; x_wconf 50' lang='lat' dir='ltr'><strong>mum-,⁰¹⁸</strong></span> <span class='ocrx_word' id='word_1_188' title='bbox 254 2232 345 2298; x_wconf 81' lang='lat' dir='ltr'><strong>fessis</strong></span> <span class='ocrx_word' id='word_1_189' title='bbox 360 2235 411 2298; x_wconf 78' lang='lat' dir='ltr'><strong>vit</strong></span> <span class='ocrx_word' id='word_1_190' title='bbox 431 2234 594 2312; x_wconf 84' lang='lat' dir='ltr'><strong>militibus,</strong></span> <span class='ocrx_word' id='word_1_191' title='bbox 607 2233 708 2300; x_wconf 86' lang='lat' dir='ltr'><strong>noctis</strong></span> <span class='ocrx_word' id='word_1_192' title='bbox 729 2234 866 2318; x_wconf 88' lang='lat' dir='ltr'><strong>spatium</strong></span> <span class='ocrx_word' id='word_1_193' title='bbox 889 2235 930 2300; x_wconf 86' lang='lat' dir='ltr'><strong>ad</strong></span> <span class='ocrx_word' id='word_1_194' title='bbox 949 2237 1153 2302; x_wconf 86' lang='lat' dir='ltr'><strong>resumendas</strong></span> <span class='ocrx_word' id='word_1_195' title='bbox 1167 2235 1252 2303; x_wconf 84' lang='lat' dir='ltr'><strong>uires</strong></span> <span class='ocrx_word' id='word_1_196' title='bbox 1267 2240 1370 2306; x_wconf 86' lang='lat' dir='ltr'><strong>daret.</strong></span> 
     </span>
     <span class='ocr_line' id='line_1_24' title="bbox 254 2319 1371 2412; baseline 0.007 -28"><span class='ocrx_word' id='word_1_197' title='bbox 254 2319 396 2384; x_wconf 85' lang='lat' dir='ltr'><strong>Emanus</strong></span> <span class='ocrx_word' id='word_1_198' title='bbox 408 2335 440 2384; x_wconf 90' lang='lat' dir='ltr'><strong>et</strong></span> <span class='ocrx_word' id='word_1_199' title='bbox 454 2320 785 2406; x_wconf 83' lang='lat' dir='ltr'><strong>Thessalorusdptes,</strong></span> <span class='ocrx_word' id='word_1_200' title='bbox 794 2321 848 2404; x_wconf 90' lang='lat' dir='ltr'><strong>qui</strong></span> <span class='ocrx_word' id='word_1_201' title='bbox 860 2341 893 2384; x_wconf 85' lang='lat' dir='ltr'><strong>se</strong></span> <span class='ocrx_word' id='word_1_202' title='bbox 907 2320 948 2384; x_wconf 88' lang='lat' dir='ltr'><strong>ad</strong></span> <span class='ocrx_word' id='word_1_203' title='bbox 958 2321 1071 2407; x_wconf 75' lang='lat' dir='ltr'><strong>praedoe</strong></span> <span class='ocrx_word' id='word_1_204' title='bbox 1081 2323 1264 2388; x_wconf 83' lang='lat' dir='ltr'><strong>societatem</strong></span> <span class='ocrx_word' id='word_1_205' title='bbox 1270 2327 1371 2412; x_wconf 81' lang='lat' dir='ltr'><strong>junx·</strong></span> 
     </span>
    </p>

    <p class='ocr_par' dir='ltr' id='par_1_6' title="bbox 253 2405 1371 2494">
     <span class='ocr_line' id='line_1_25' title="bbox 253 2405 1371 2494; baseline 0.007 -24"><span class='ocrx_word' id='word_1_206' title='bbox 253 2419 351 2485; x_wconf 88' lang='lat' dir='ltr'><strong>erant,</strong></span> <span class='ocrx_word' id='word_1_207' title='bbox 364 2407 534 2492; x_wconf 82' lang='lat' dir='ltr'><strong>eamputari</strong></span> <span class='ocrx_word' id='word_1_208' title='bbox 556 2423 660 2486; x_wconf 85' lang='lat' dir='ltr'><strong>moras</strong></span> <span class='ocrx_word' id='word_1_209' title='bbox 676 2406 801 2493; x_wconf 83' lang='lat' dir='ltr'><strong>jubent,</strong></span> <span class='ocrx_word' id='word_1_210' title='bbox 814 2405 893 2474; x_wconf 88' lang='lat' dir='ltr'><strong>dum</strong></span> <span class='ocrx_word' id='word_1_211' title='bbox 915 2408 1059 2494; x_wconf 87' lang='lat' dir='ltr'><strong>imparati</strong></span> <span class='ocrx_word' id='word_1_212' title='bbox 1079 2409 1196 2487; x_wconf 83' lang='lat' dir='ltr'><strong>hostes,</strong></span> <span class='ocrx_word' id='word_1_213' title='bbox 1210 2425 1243 2474; x_wconf 84' lang='lat' dir='ltr'><strong>et</strong></span> <span class='ocrx_word' id='word_1_214' title='bbox 1257 2433 1371 2480; x_wconf 85' lang='lat' dir='ltr'><strong>recens</strong></span> 
     </span>
    </p>

    <p class='ocr_par' dir='ltr' id='par_1_7' title="bbox 253 2491 1369 2580">
     <span class='ocr_line' id='line_1_26' title="bbox 253 2491 1369 2580; baseline 0.008 -24"><span class='ocrx_word' id='word_1_215' title='bbox 253 2491 407 2558; x_wconf 85' lang='lat' dir='ltr'><strong>adventus</strong></span> <span class='ocrx_word' id='word_1_216' title='bbox 420 2495 470 2558; x_wconf 84' lang='lat' dir='ltr'><strong>sui</strong></span> <span class='ocrx_word' id='word_1_217' title='bbox 484 2494 596 2558; x_wconf 86' lang='lat' dir='ltr'><strong>terrori</strong></span> <span class='ocrx_word' id='word_1_218' title='bbox 617 2509 720 2558; x_wconf 75' lang='lat' dir='ltr'><strong>asset:</strong></span> <span class='ocrx_word' id='word_1_219' title='bbox 743 2494 904 2580; x_wconf 70' lang='lat' dir='ltr'><strong>interjecti</strong></span> <span class='ocrx_word' id='word_1_220' title='bbox 921 2508 1012 2560; x_wconf 88' lang='lat' dir='ltr'><strong>nocte</strong></span> <span class='ocrx_word' id='word_1_221' title='bbox 1031 2509 1065 2558; x_wconf 91' lang='lat' dir='ltr'><strong>et</strong></span> <span class='ocrx_word' id='word_1_222' title='bbox 1083 2497 1207 2562; x_wconf 86' lang='lat' dir='ltr'><strong>animos</strong></span> <span class='ocrx_word' id='word_1_223' title='bbox 1223 2497 1369 2567; x_wconf 80' lang='lat' dir='ltr'><strong>hostibus</strong></span> 
     </span>
    </p>

    <p class='ocr_par' dir='ltr' id='par_1_8' title="bbox 251 2573 1368 2666">
     <span class='ocr_line' id='line_1_27' title="bbox 251 2573 1368 2666; baseline 0.009 -26"><span class='ocrx_word' id='word_1_224' title='bbox 251 2576 383 2645; x_wconf 84' lang='lat' dir='ltr'><strong>forsitan</strong></span> <span class='ocrx_word' id='word_1_225' title='bbox 398 2595 430 2643; x_wconf 91' lang='lat' dir='ltr'><strong>et</strong></span> <span class='ocrx_word' id='word_1_226' title='bbox 442 2573 558 2644; x_wconf 79' lang='lat' dir='ltr'><strong>auxilia</strong></span> <span class='ocrx_word' id='word_1_227' title='bbox 572 2601 744 2658; x_wconf 83' lang='lat' dir='ltr'><strong>accessura,</strong></span> <span class='ocrx_word' id='word_1_228' title='bbox 760 2596 792 2643; x_wconf 87' lang='lat' dir='ltr'><strong>et</strong></span> <span class='ocrx_word' id='word_1_229' title='bbox 810 2581 878 2644; x_wconf 84' lang='lat' dir='ltr'><strong>vias</strong></span> <span class='ocrx_word' id='word_1_230' title='bbox 895 2595 1057 2664; x_wconf 77' lang='lat' dir='ltr'><strong>quatum</strong></span> <span class='ocrx_word' id='word_1_231' title='bbox 1073 2595 1208 2666; x_wconf 86' lang='lat' dir='ltr'><strong>pateant,</strong></span> <span class='ocrx_word' id='word_1_232' title='bbox 1224 2585 1368 2652; x_wconf 74' lang='lat' dir='ltr'><strong>obseoe-</strong></span> 
     </span>
    </p>

    <p class='ocr_par' dir='ltr' id='par_1_9' title="bbox 252 2665 1367 2754">
     <span class='ocr_line' id='line_1_28' title="bbox 252 2665 1367 2754; baseline 0.007 -26"><span class='ocrx_word' id='word_1_233' title='bbox 252 2679 321 2728; x_wconf 91' lang='lat' dir='ltr'><strong>tum</strong></span> <span class='ocrx_word' id='word_1_234' title='bbox 335 2666 385 2730; x_wconf 89' lang='lat' dir='ltr'><strong>iri.</strong></span> <span class='ocrx_word' id='word_1_235' title='bbox 408 2665 472 2730; x_wconf 87' lang='lat' dir='ltr'><strong>Sed</strong></span> <span class='ocrx_word' id='word_1_236' title='bbox 488 2665 652 2731; x_wconf 90' lang='lat' dir='ltr'><strong>Gallorum</strong></span> <span class='ocrx_word' id='word_1_237' title='bbox 667 2667 792 2750; x_wconf 87' lang='lat' dir='ltr'><strong>vulgus,</strong></span> <span class='ocrx_word' id='word_1_238' title='bbox 807 2687 848 2728; x_wconf 85' lang='lat' dir='ltr'><strong>ex</strong></span> <span class='ocrx_word' id='word_1_239' title='bbox 861 2666 953 2750; x_wconf 73' lang='lat' dir='ltr'><strong>longa</strong></span> <span class='ocrx_word' id='word_1_240' title='bbox 966 2665 1081 2751; x_wconf 73' lang='lat' dir='ltr'><strong>inopii,</strong></span> <span class='ocrx_word' id='word_1_241' title='bbox 1091 2668 1145 2734; x_wconf 91' lang='lat' dir='ltr'><strong>ubi</strong></span> <span class='ocrx_word' id='word_1_242' title='bbox 1160 2669 1304 2754; x_wconf 75' lang='lat' dir='ltr'><strong>primum</strong></span> <span class='ocrx_word' id='word_1_243' title='bbox 1318 2674 1367 2738; x_wconf 91' lang='lat' dir='ltr'><strong>vi·</strong></span> 
     </span>
    </p>

    <p class='ocr_par' dir='ltr' id='par_1_10' title="bbox 251 2750 1365 2835">
     <span class='ocr_line' id='line_1_29' title="bbox 251 2750 1365 2835; baseline 0.009 -22"><span class='ocrx_word' id='word_1_244' title='bbox 251 2771 305 2829; x_wconf 92' lang='lat' dir='ltr'><strong>no,</strong></span> <span class='ocrx_word' id='word_1_245' title='bbox 313 2751 493 2835; x_wconf 74' lang='lat' dir='ltr'><strong>treterhque</strong></span> <span class='ocrx_word' id='word_1_246' title='bbox 503 2752 728 2816; x_wconf 83' lang='lat' dir='ltr'><strong>commeatibus</strong></span> <span class='ocrx_word' id='word_1_247' title='bbox 737 2750 851 2814; x_wconf 86' lang='lat' dir='ltr'><strong>referta</strong></span> <span class='ocrx_word' id='word_1_248' title='bbox 862 2769 936 2815; x_wconf 90' lang='lat' dir='ltr'><strong>rura</strong></span> <span class='ocrx_word' id='word_1_249' title='bbox 944 2751 1073 2832; x_wconf 86' lang='lat' dir='ltr'><strong>invenit,</strong></span> <span class='ocrx_word' id='word_1_250' title='bbox 1080 2774 1143 2818; x_wconf 92' lang='lat' dir='ltr'><strong>non</strong></span> <span class='ocrx_word' id='word_1_251' title='bbox 1152 2755 1258 2820; x_wconf 78' lang='lat' dir='ltr'><strong>minus</strong></span> <span class='ocrx_word' id='word_1_252' title='bbox 1266 2757 1365 2822; x_wconf 89' lang='lat' dir='ltr'><strong>abun-</strong></span> 
     </span>
    </p>

    <p class='ocr_par' dir='ltr' id='par_1_11' title="bbox 251 2833 1365 2928">
     <span class='ocr_line' id='line_1_30' title="bbox 251 2833 1365 2928; baseline 0.007 -27"><span class='ocrx_word' id='word_1_253' title='bbox 251 2835 357 2901; x_wconf 74' lang='lat' dir='ltr'><strong>dantia</strong></span> <span class='ocrx_word' id='word_1_254' title='bbox 372 2833 467 2920; x_wconf 74' lang='lat' dir='ltr'><strong>quam</strong></span> <span class='ocrx_word' id='word_1_255' title='bbox 481 2835 610 2900; x_wconf 69' lang='lat' dir='ltr'><strong>victorii</strong></span> <span class='ocrx_word' id='word_1_256' title='bbox 619 2839 730 2904; x_wconf 82' lang='lat' dir='ltr'><strong>lartum</strong></span> <span class='ocrx_word' id='word_1_257' title='bbox 745 2857 958 2920; x_wconf 81' lang='lat' dir='ltr'><strong>peragrasse</strong></span> <span class='ocrx_word' id='word_1_258' title='bbox 973 2855 1147 2923; x_wconf 74' lang='lat' dir='ltr'><strong>sparseratt</strong></span> <span class='ocrx_word' id='word_1_259' title='bbox 1169 2841 1365 2928; x_wconf 87' lang='lat' dir='ltr'><strong>desertisque</strong></span> 
     </span>
    </p>

    <p class='ocr_par' dir='ltr' id='par_1_12' title="bbox 211 2921 1365 3012">
     <span class='ocr_line' id='line_1_31' title="bbox 211 2921 1365 3012; baseline 0.01 -28"><span class='ocrx_word' id='word_1_260' title='bbox 211 2989 214 2993; x_wconf 65' lang='grc'>,</span> <span class='ocrx_word' id='word_1_261' title='bbox 251 2921 360 3003; x_wconf 87' lang='lat' dir='ltr'><strong>signis,</strong></span> <span class='ocrx_word' id='word_1_262' title='bbox 374 2921 415 2986; x_wconf 91' lang='lat' dir='ltr'><strong>ad</strong></span> <span class='ocrx_word' id='word_1_263' title='bbox 430 2925 610 3006; x_wconf 84' lang='lat' dir='ltr'><strong>occupanda</strong></span> <span class='ocrx_word' id='word_1_264' title='bbox 620 2922 726 2986; x_wconf 89' lang='lat' dir='ltr'><strong>omnia</strong></span> <span class='ocrx_word' id='word_1_265' title='bbox 735 2943 793 3006; x_wconf 88' lang='lat' dir='ltr'><strong>pro</strong></span> <span class='ocrx_word' id='word_1_266' title='bbox 804 2922 975 2988; x_wconf 83' lang='lat' dir='ltr'><strong>victoribus</strong></span> <span class='ocrx_word' id='word_1_267' title='bbox 988 2927 1193 3012; x_wconf 74' lang='lat' dir='ltr'><strong>vagabuntur.</strong></span> <span class='ocrx_word' id='word_1_268' title='bbox 1217 2927 1299 3004; x_wconf 74' lang='lat' dir='ltr'><strong>Qua</strong></span> <span class='ocrx_word' id='word_1_269' title='bbox 1314 2953 1365 2996; x_wconf 87' lang='lat' dir='ltr'><strong>res</strong></span> 
     </span>
    </p>
   </div>
   <div class='ocr_carea' id='block_1_3' title="bbox 159 3005 1365 3120">
    <p class='ocr_par' dir='ltr' id='par_1_13' title="bbox 159 3005 1365 3120">
     <span class='ocr_line' id='line_1_32' title="bbox 159 3005 1365 3120; baseline 0.012 -53"><span class='ocrx_word' id='word_1_270' title='bbox 159 3063 160 3067; x_wconf 73' lang='grc'>,</span> <span class='ocrx_word' id='word_1_271' title='bbox 251 3006 433 3074; x_wconf 84' lang='lat' dir='ltr'><strong>dilationem</strong></span> <span class='ocrx_word' id='word_1_272' title='bbox 448 3008 584 3092; x_wconf 85' lang='lat' dir='ltr'><strong>Delphis</strong></span> <span class='ocrx_word' id='word_1_273' title='bbox 604 3007 704 3072; x_wconf 85' lang='lat' dir='ltr'><strong>dedit.</strong></span> <span class='ocrx_word' id='word_1_274' title='bbox 747 3005 873 3074; x_wconf 69' lang='lat' dir='ltr'><strong>frume</strong></span> <span class='ocrx_word' id='word_1_275' title='bbox 891 3007 1027 3094; x_wconf 83' lang='lat' dir='ltr'><strong>namque</strong></span> <span class='ocrx_word' id='word_1_276' title='bbox 1045 3013 1191 3120; x_wconf 74' lang='lat' dir='ltr'><strong>opinione</strong></span> <span class='ocrx_word' id='word_1_277' title='bbox 1210 3016 1365 3108; x_wconf 83' lang='lat' dir='ltr'><strong>adventus</strong></span> 
     </span>
    </p>
   </div>
   <div class='ocr_carea' id='block_1_4' title="bbox 656 3225 957 3280">
    <p class='ocr_par' dir='ltr' id='par_1_14' title="bbox 656 3225 957 3280">
     <span class='ocr_line' id='line_1_33' title="bbox 656 3225 957 3280; baseline 0.007 -4"><span class='ocrx_word' id='word_1_278' title='bbox 656 3225 957 3280; x_wconf 79' lang='lat' dir='ltr'><strong>INTERPRETATIO.</strong></span> 
     </span>
    </p>
   </div>
   <div class='ocr_carea' id='block_1_5' title="bbox 150 3375 1435 4070">
    <p class='ocr_par' dir='ltr' id='par_1_15' title="bbox 150 3375 1435 4070">
     <span class='ocr_line' id='line_1_34' title="bbox 282 3375 1365 3451; baseline 0.014 -25"><span class='ocrx_word' id='word_1_279' title='bbox 282 3391 298 3426; x_wconf 86' lang='lat' dir='ltr'><strong>a</strong></span> <span class='ocrx_word' id='word_1_280' title='bbox 315 3375 363 3436; x_wconf 75' lang='lat' dir='ltr'><strong>uer</strong></span> <span class='ocrx_word' id='word_1_281' title='bbox 374 3377 518 3430; x_wconf 72' lang='lat' dir='ltr'><strong>latitarunt</strong></span> <span class='ocrx_word' id='word_1_282' title='bbox 526 3381 552 3428; x_wconf 86' lang='lat' dir='ltr'><strong>itt</strong></span> <span class='ocrx_word' id='word_1_283' title='bbox 561 3380 591 3430; x_wconf 78' lang='lat' dir='ltr'><strong>eti</strong></span> <span class='ocrx_word' id='word_1_284' title='bbox 603 3377 792 3446; x_wconf 82' lang='lat' dir='ltr'><strong>rupe,inquam</strong></span> <span class='ocrx_word' id='word_1_285' title='bbox 849 3395 866 3432; x_wconf 85' lang='lat' dir='ltr'><strong>e</strong></span> <span class='ocrx_word' id='word_1_286' title='bbox 882 3381 981 3433; x_wconf 73' lang='lat' dir='ltr'><strong>¹llitlttnt</strong></span> <span class='ocrx_word' id='word_1_287' title='bbox 996 3389 1128 3448; x_wconf 76' lang='lat' dir='ltr'><strong>expectare</strong></span> <span class='ocrx_word' id='word_1_288' title='bbox 1141 3387 1243 3448; x_wconf 57' lang='lat' dir='ltr'><strong>dudm,</strong></span> <span class='ocrx_word' id='word_1_289' title='bbox 1254 3392 1317 3451; x_wconf 74' lang='lat' dir='ltr'><strong>piria</strong></span> <span class='ocrx_word' id='word_1_290' title='bbox 1329 3402 1365 3440; x_wconf 76' lang='lat' dir='ltr'><strong>et·</strong></span> 
     </span>
     <span class='ocr_line' id='line_1_35' title="bbox 241 3446 1366 3520; baseline 0.014 -28"><span class='ocrx_word' id='word_1_291' title='bbox 241 3453 368 3520; x_wconf 62' lang='lat' dir='ltr'><strong>-oerrproot</strong></span> <span class='ocrx_word' id='word_1_292' title='bbox 375 3446 492 3506; x_wconf 74' lang='lat' dir='ltr'><strong>undique,</strong></span> <span class='ocrx_word' id='word_1_293' title='bbox 499 3446 564 3495; x_wconf 89' lang='lat' dir='ltr'><strong>moti</strong></span> <span class='ocrx_word' id='word_1_294' title='bbox 575 3447 793 3499; x_wconf 63' lang='lat' dir='ltr'><strong>cruentarentur</strong></span> <span class='ocrx_word' id='word_1_295' title='bbox 816 3463 870 3498; x_wconf 85' lang='lat' dir='ltr'><strong>rum</strong></span> <span class='ocrx_word' id='word_1_296' title='bbox 880 3451 1002 3500; x_wconf 80' lang='lat' dir='ltr'><strong>adventur</strong></span> <span class='ocrx_word' id='word_1_297' title='bbox 1013 3453 1158 3516; x_wconf 67' lang='lat' dir='ltr'><strong>improvimr</strong></span> <span class='ocrx_word' id='word_1_298' title='bbox 1176 3463 1304 3506; x_wconf 57' lang='lat' dir='ltr'><strong>&amp;numos</strong></span> <span class='ocrx_word' id='word_1_299' title='bbox 1314 3461 1366 3508; x_wconf 81' lang='lat' dir='ltr'><strong>hor-</strong></span> 
     </span>
     <span class='ocr_line' id='line_1_36' title="bbox 248 3511 1366 3582; baseline 0.014 -22"><span class='ocrx_word' id='word_1_300' title='bbox 248 3511 301 3560; x_wconf 86' lang='lat' dir='ltr'><strong>loot</strong></span> <span class='ocrx_word' id='word_1_301' title='bbox 311 3517 413 3576; x_wconf 79' lang='lat' dir='ltr'><strong>propter</strong></span> <span class='ocrx_word' id='word_1_302' title='bbox 422 3511 466 3563; x_wconf 84' lang='lat' dir='ltr'><strong>dei</strong></span> <span class='ocrx_word' id='word_1_303' title='bbox 479 3517 635 3580; x_wconf 74' lang='lat' dir='ltr'><strong>majestatem.</strong></span> <span class='ocrx_word' id='word_1_304' title='bbox 817 3525 853 3564; x_wconf 82' lang='lat' dir='ltr'><strong>ter</strong></span> <span class='ocrx_word' id='word_1_305' title='bbox 867 3533 916 3566; x_wconf 79' lang='lat' dir='ltr'><strong>arn</strong></span> <span class='ocrx_word' id='word_1_306' title='bbox 928 3525 1035 3582; x_wconf 79' lang='lat' dir='ltr'><strong>parator</strong></span> <span class='ocrx_word' id='word_1_307' title='bbox 1047 3521 1083 3568; x_wconf 84' lang='lat' dir='ltr'><strong>ad</strong></span> <span class='ocrx_word' id='word_1_308' title='bbox 1097 3522 1276 3579; x_wconf 76' lang='lat' dir='ltr'><strong>resistendum.-</strong></span> <span class='ocrx_word' id='word_1_309' title='bbox 1296 3537 1321 3576; x_wconf 78' lang='lat' dir='ltr'><strong>et</strong></span> <span class='ocrx_word' id='word_1_310' title='bbox 1335 3543 1366 3576; x_wconf 81' lang='lat' dir='ltr'><strong>ne</strong></span> 
     </span>
     <span class='ocr_line' id='line_1_37' title="bbox 222 3576 1365 3647; baseline 0.014 -22"><span class='ocrx_word' id='word_1_311' title='bbox 222 3619 237 3630; x_wconf 62' lang='grc'>,</span> <span class='ocrx_word' id='word_1_312' title='bbox 282 3576 354 3626; x_wconf 84' lang='lat' dir='ltr'><strong>bIta</strong></span> <span class='ocrx_word' id='word_1_313' title='bbox 364 3589 393 3627; x_wconf 84' lang='lat' dir='ltr'><strong>ut</strong></span> <span class='ocrx_word' id='word_1_314' title='bbox 405 3579 546 3644; x_wconf 74' lang='lat' dir='ltr'><strong>difficilerit</strong></span> <span class='ocrx_word' id='word_1_315' title='bbox 555 3583 682 3646; x_wconf 81' lang='lat' dir='ltr'><strong>jorb&#39;core,</strong></span> <span class='ocrx_word' id='word_1_316' title='bbox 695 3597 729 3631; x_wconf 82' lang='lat' dir='ltr'><strong>nn</strong></span> <span class='ocrx_word' id='word_1_317' title='bbox 736 3583 794 3647; x_wconf 81' lang='lat' dir='ltr'><strong>plur</strong></span> <span class='ocrx_word' id='word_1_318' title='bbox 828 3591 878 3633; x_wconf 80' lang='lat' dir='ltr'><strong>orte</strong></span> <span class='ocrx_word' id='word_1_319' title='bbox 889 3585 934 3636; x_wconf 73' lang='lat' dir='ltr'><strong>ilat</strong></span> <span class='ocrx_word' id='word_1_320' title='bbox 943 3594 1043 3638; x_wconf 81' lang='lat' dir='ltr'><strong>nocteet</strong></span> <span class='ocrx_word' id='word_1_321' title='bbox 1050 3587 1128 3636; x_wconf 78' lang='lat' dir='ltr'><strong>hoster</strong></span> <span class='ocrx_word' id='word_1_322' title='bbox 1135 3599 1286 3640; x_wconf 79' lang='lat' dir='ltr'><strong>resumerent</strong></span> <span class='ocrx_word' id='word_1_323' title='bbox 1298 3597 1365 3644; x_wconf 75' lang='lat' dir='ltr'><strong>vires</strong></span> 
     </span>
     <span class='ocr_line' id='line_1_38' title="bbox 247 3647 1365 3718; baseline 0.014 -23"><span class='ocrx_word' id='word_1_324' title='bbox 247 3647 418 3696; x_wconf 79' lang='lat' dir='ltr'><strong>odariratioru&#39;t</strong></span> <span class='ocrx_word' id='word_1_325' title='bbox 428 3658 552 3700; x_wconf 81' lang='lat' dir='ltr'><strong>mercatur</strong></span> <span class='ocrx_word' id='word_1_326' title='bbox 561 3651 732 3699; x_wconf 75' lang='lat' dir='ltr'><strong>manummtum</strong></span> <span class='ocrx_word' id='word_1_327' title='bbox 740 3651 793 3712; x_wconf 79' lang='lat' dir='ltr'><strong>loti,</strong></span> <span class='ocrx_word' id='word_1_328' title='bbox 815 3659 840 3700; x_wconf 83' lang='lat' dir='ltr'><strong>et</strong></span> <span class='ocrx_word' id='word_1_329' title='bbox 850 3655 962 3704; x_wconf 69' lang='lat' dir='ltr'><strong>venires</strong></span> <span class='ocrx_word' id='word_1_330' title='bbox 973 3655 1033 3717; x_wconf 79' lang='lat' dir='ltr'><strong>ipsit</strong></span> <span class='ocrx_word' id='word_1_331' title='bbox 1044 3657 1150 3714; x_wconf 76' lang='lat' dir='ltr'><strong>auxilio,</strong></span> <span class='ocrx_word' id='word_1_332' title='bbox 1163 3659 1245 3718; x_wconf 61' lang='lat' dir='ltr'><strong>etsie</strong></span> <span class='ocrx_word' id='word_1_333' title='bbox 1257 3659 1365 3710; x_wconf 70' lang='lat' dir='ltr'><strong>obstr-tte·</strong></span> 
     </span>
     <span class='ocr_line' id='line_1_39' title="bbox 246 3716 1241 3786; baseline 0.011 -27"><span class='ocrx_word' id='word_1_334' title='bbox 246 3727 321 3776; x_wconf 79' lang='lat' dir='ltr'><strong>quom</strong></span> <span class='ocrx_word' id='word_1_335' title='bbox 332 3718 448 3780; x_wconf 79' lang='lat' dir='ltr'><strong>majestas</strong></span> <span class='ocrx_word' id='word_1_336' title='bbox 456 3716 503 3764; x_wconf 76' lang='lat' dir='ltr'><strong>dei.</strong></span> <span class='ocrx_word' id='word_1_337' title='bbox 678 3733 680 3736; x_wconf 90' lang='lat'>·</span> <span class='ocrx_word' id='word_1_338' title='bbox 815 3726 973 3782; x_wconf 55' lang='lat' dir='ltr'><strong>renatum</strong></span> <span class='ocrx_word' id='word_1_339' title='bbox 985 3729 1044 3770; x_wconf 81' lang='lat' dir='ltr'><strong>tunc</strong></span> <span class='ocrx_word' id='word_1_340' title='bbox 1051 3723 1178 3786; x_wconf 77' lang='lat' dir='ltr'><strong>potebant.</strong></span> <span class='ocrx_word' id='word_1_341' title='bbox 1238 3770 1241 3778; x_wconf 71' lang='grc'><em>,</em></span> 
     </span>
     <span class='ocr_line' id='line_1_40' title="bbox 280 3779 1364 3854; baseline 0.016 -26"><span class='ocrx_word' id='word_1_342' title='bbox 280 3779 377 3840; x_wconf 71' lang='lat' dir='ltr'><strong>ofltat&#39;</strong></span> <span class='ocrx_word' id='word_1_343' title='bbox 383 3781 436 3846; x_wconf 76' lang='lat' dir='ltr'><strong>fiat</strong></span> <span class='ocrx_word' id='word_1_344' title='bbox 445 3785 619 3845; x_wconf 64' lang='lat' dir='ltr'><strong>aliquatenus</strong></span> <span class='ocrx_word' id='word_1_345' title='bbox 628 3785 749 3848; x_wconf 72' lang='lat' dir='ltr'><strong>tudonem,</strong></span> <span class='ocrx_word' id='word_1_346' title='bbox 759 3803 795 3836; x_wconf 86' lang='lat' dir='ltr'><strong>ro·</strong></span> <span class='ocrx_word' id='word_1_347' title='bbox 848 3783 864 3836; x_wconf 83' lang='lat' dir='ltr'><strong>f</strong></span> <span class='ocrx_word' id='word_1_348' title='bbox 874 3785 925 3836; x_wconf 73' lang='lat' dir='ltr'><strong>Uli·</strong></span> <span class='ocrx_word' id='word_1_349' title='bbox 935 3803 1017 3838; x_wconf 79' lang='lat' dir='ltr'><strong>rumor</strong></span> <span class='ocrx_word' id='word_1_350' title='bbox 1032 3791 1156 3854; x_wconf 77' lang='lat' dir='ltr'><strong>increpuit</strong></span> <span class='ocrx_word' id='word_1_351' title='bbox 1169 3789 1254 3842; x_wconf 79' lang='lat' dir='ltr'><strong>Gallos</strong></span> <span class='ocrx_word' id='word_1_352' title='bbox 1268 3797 1364 3845; x_wconf 72' lang='lat' dir='ltr'><strong>advetr</strong></span> 
     </span>
     <span class='ocr_line' id='line_1_41' title="bbox 247 3847 1366 3925; baseline 0.013 -28"><span class='ocrx_word' id='word_1_353' title='bbox 247 3848 281 3897; x_wconf 83' lang='lat' dir='ltr'><strong>let</strong></span> <span class='ocrx_word' id='word_1_354' title='bbox 290 3847 375 3898; x_wconf 80' lang='lat' dir='ltr'><strong>audiri</strong></span> <span class='ocrx_word' id='word_1_355' title='bbox 382 3851 516 3913; x_wconf 75' lang='lat' dir='ltr'><strong>multiplex,</strong></span> <span class='ocrx_word' id='word_1_356' title='bbox 526 3855 552 3898; x_wconf 82' lang='lat' dir='ltr'><strong>et</strong></span> <span class='ocrx_word' id='word_1_357' title='bbox 557 3853 637 3916; x_wconf 79' lang='lat' dir='ltr'><strong>major</strong></span> <span class='ocrx_word' id='word_1_358' title='bbox 646 3868 718 3915; x_wconf 84' lang='lat' dir='ltr'><strong>quam</strong></span> <span class='ocrx_word' id='word_1_359' title='bbox 729 3855 795 3904; x_wconf 79' lang='lat' dir='ltr'><strong>etm‘t-</strong></span> <span class='ocrx_word' id='word_1_360' title='bbox 816 3863 880 3913; x_wconf 82' lang='lat' dir='ltr'><strong>tore,</strong></span> <span class='ocrx_word' id='word_1_361' title='bbox 893 3855 985 3904; x_wconf 62' lang='lat' dir='ltr'><strong>dcitur</strong></span> <span class='ocrx_word' id='word_1_362' title='bbox 998 3858 1121 3916; x_wconf 77' lang='lat' dir='ltr'><strong>oraculum</strong></span> <span class='ocrx_word' id='word_1_363' title='bbox 1128 3858 1281 3920; x_wconf 75' lang='lat' dir='ltr'><strong>prohibuisse</strong></span> <span class='ocrx_word' id='word_1_364' title='bbox 1294 3867 1366 3925; x_wconf 71' lang='lat' dir='ltr'><strong>agri-</strong></span> 
     </span>
     <span class='ocr_line' id='line_1_42' title="bbox 247 3915 1435 3990; baseline 0.016 -28"><span class='ocrx_word' id='word_1_365' title='bbox 247 3916 317 3970; x_wconf 71' lang='lat' dir='ltr'><strong>cium,</strong></span> <span class='ocrx_word' id='word_1_366' title='bbox 332 3915 433 3980; x_wconf 77' lang='lat' dir='ltr'><strong>rupibus</strong></span> <span class='ocrx_word' id='word_1_367' title='bbox 443 3919 508 3965; x_wconf 77' lang='lat' dir='ltr'><strong>inter</strong></span> <span class='ocrx_word' id='word_1_368' title='bbox 520 3921 760 3982; x_wconf 70' lang='lat' dir='ltr'><strong>etrespondeon&#39;bor.</strong></span> <span class='ocrx_word' id='word_1_369' title='bbox 816 3923 1017 3982; x_wconf 64' lang='lat' dir='ltr'><strong>catenesiam</strong></span> <span class='ocrx_word' id='word_1_370' title='bbox 1026 3939 1111 3976; x_wconf 74' lang='lat' dir='ltr'><strong>merres</strong></span> <span class='ocrx_word' id='word_1_371' title='bbox 1120 3923 1238 3990; x_wconf 64' lang='lat' dir='ltr'><strong>auferent</strong></span> <span class='ocrx_word' id='word_1_372' title='bbox 1247 3931 1364 3981; x_wconf 66' lang='lat' dir='ltr'><strong>domum.</strong></span> <span class='ocrx_word' id='word_1_373' title='bbox 1384 3959 1387 3968; x_wconf 81' lang='grc'><strong><em>·</em></strong></span> <span class='ocrx_word' id='word_1_374' title='bbox 1434 3945 1435 3974; x_wconf 53' lang='lat' dir='ltr'><strong>t</strong></span> 
     </span>
     <span class='ocr_line' id='line_1_43' title="bbox 150 3981 1435 4070; baseline 0.01 -37"><span class='ocrx_word' id='word_1_375' title='bbox 150 3983 154 3988; x_wconf 87' lang='lat'>&#39;</span> <span class='ocrx_word' id='word_1_376' title='bbox 279 3981 356 4035; x_wconf 80' lang='lat' dir='ltr'><strong>dEar</strong></span> <span class='ocrx_word' id='word_1_377' title='bbox 367 3999 413 4046; x_wconf 82' lang='lat' dir='ltr'><strong>quo</strong></span> <span class='ocrx_word' id='word_1_378' title='bbox 423 3985 530 4035; x_wconf 81' lang='lat' dir='ltr'><strong>eduntur</strong></span> <span class='ocrx_word' id='word_1_379' title='bbox 541 3986 649 4036; x_wconf 83' lang='lat' dir='ltr'><strong>oraculo.</strong></span> <span class='ocrx_word' id='word_1_380' title='bbox 931 4023 934 4030; x_wconf 84' lang='lat'>·</span> <span class='ocrx_word' id='word_1_381' title='bbox 1053 3999 1056 4004; x_wconf 82' lang='grc'><strong>“</strong></span> <span class='ocrx_word' id='word_1_382' title='bbox 1434 3985 1435 4070; x_wconf 65' lang='lat' dir='ltr'><strong>l</strong></span> 
     </span>
    </p>
   </div>
   <div class='ocr_carea' id='block_1_6' title="bbox 611 4089 1435 4220">
    <p class='ocr_par' dir='ltr' id='par_1_16' title="bbox 611 4089 1435 4220">
     <span class='ocr_line' id='line_1_44' title="bbox 611 4089 1435 4220; baseline 0.012 -34"><span class='ocrx_word' id='word_1_383' title='bbox 611 4109 625 4220; x_wconf 16' lang='lat'><strong>1&#39;</strong></span> <span class='ocrx_word' id='word_1_384' title='bbox 682 4162 689 4174; x_wconf 41' lang='grc' dir='ltr'><strong><em>ι</em></strong></span> <span class='ocrx_word' id='word_1_385' title='bbox 739 4137 855 4190; x_wconf 77' lang='lat' dir='ltr'><strong>noun.</strong></span> <span class='ocrx_word' id='word_1_386' title='bbox 1434 4089 1435 4162; x_wconf 66' lang='lat' dir='ltr'><strong>l</strong></span> 
     </span>
    </p>
   </div>
   <div class='ocr_carea' id='block_1_7' title="bbox 243 4277 1435 4490">
    <p class='ocr_par' dir='ltr' id='par_1_17' title="bbox 243 4277 1435 4490">
     <span class='ocr_line' id='line_1_45' title="bbox 278 4277 1362 4368; baseline 0.023 -34"><span class='ocrx_word' id='word_1_387' title='bbox 278 4285 304 4361; x_wconf 88' lang='grc' dir='ltr'><strong>1Ι</strong></span> <span class='ocrx_word' id='word_1_388' title='bbox 323 4277 444 4352; x_wconf 64' lang='lat' dir='ltr'><strong>ominata</strong></span> <span class='ocrx_word' id='word_1_389' title='bbox 466 4289 571 4362; x_wconf 55' lang='lat' dir='ltr'><strong>regma]</strong></span> <span class='ocrx_word' id='word_1_390' title='bbox 606 4291 729 4344; x_wconf 82' lang='lat' dir='ltr'><strong>Graviter</strong></span> <span class='ocrx_word' id='word_1_391' title='bbox 754 4293 789 4346; x_wconf 88' lang='lat' dir='ltr'><strong>de</strong></span> <span class='ocrx_word' id='word_1_392' title='bbox 812 4294 923 4348; x_wconf 86' lang='lat' dir='ltr'><strong>deorum</strong></span> <span class='ocrx_word' id='word_1_393' title='bbox 947 4293 1061 4349; x_wconf 81' lang='lat' dir='ltr'><strong>oraculis</strong></span> <span class='ocrx_word' id='word_1_394' title='bbox 1080 4295 1183 4350; x_wconf 83' lang='lat' dir='ltr'><strong>utilitas</strong></span> <span class='ocrx_word' id='word_1_395' title='bbox 1201 4307 1362 4368; x_wconf 68' lang='lat' dir='ltr'><strong>caperemur</strong></span> 
     </span>
     <span class='ocr_line' id='line_1_46' title="bbox 243 4351 1435 4430; baseline 0.021 -26"><span class='ocrx_word' id='word_1_396' title='bbox 243 4351 347 4404; x_wconf 78' lang='lat' dir='ltr'><strong>Christo</strong></span> <span class='ocrx_word' id='word_1_397' title='bbox 364 4355 634 4428; x_wconf 81' lang='lat' dir='ltr'><strong>querebatnrimpiun</strong></span> <span class='ocrx_word' id='word_1_398' title='bbox 651 4360 791 4430; x_wconf 80' lang='lat' dir='ltr'><strong>Porphyri·</strong></span> <span class='ocrx_word' id='word_1_399' title='bbox 813 4363 927 4418; x_wconf 80' lang='lat' dir='ltr'><strong>silebant</strong></span> <span class='ocrx_word' id='word_1_400' title='bbox 936 4365 1007 4418; x_wconf 86' lang='lat' dir='ltr'><strong>enim</strong></span> <span class='ocrx_word' id='word_1_401' title='bbox 1018 4365 1107 4420; x_wconf 82' lang='lat' dir='ltr'><strong>omnia</strong></span> <span class='ocrx_word' id='word_1_402' title='bbox 1117 4367 1232 4424; x_wconf 75' lang='lat' dir='ltr'><strong>oracula·</strong></span> <span class='ocrx_word' id='word_1_403' title='bbox 1254 4401 1257 4404; x_wconf 97' lang='lat'>·</span> <span class='ocrx_word' id='word_1_404' title='bbox 1434 4397 1435 4400; x_wconf 45' lang='lat'>¹</span> 
     </span>
     <span class='ocr_line' id='line_1_47' title="bbox 243 4419 1048 4490; baseline 0.022 -21"><span class='ocrx_word' id='word_1_405' title='bbox 243 4431 286 4486; x_wconf 81' lang='lat' dir='ltr'><strong>us,</strong></span> <span class='ocrx_word' id='word_1_406' title='bbox 297 4419 369 4486; x_wconf 87' lang='lat' dir='ltr'><strong>quod</strong></span> <span class='ocrx_word' id='word_1_407' title='bbox 384 4422 417 4472; x_wconf 83' lang='lat' dir='ltr'><strong>ab</strong></span> <span class='ocrx_word' id='word_1_408' title='bbox 435 4423 493 4490; x_wconf 88' lang='lat' dir='ltr'><strong>ejus</strong></span> <span class='ocrx_word' id='word_1_409' title='bbox 513 4425 649 4480; x_wconf 84' lang='lat' dir='ltr'><strong>nativitate</strong></span> <span class='ocrx_word' id='word_1_410' title='bbox 666 4429 739 4486; x_wconf 82' lang='lat' dir='ltr'><strong>nulla</strong></span> <span class='ocrx_word' id='word_1_411' title='bbox 755 4443 789 4484; x_wconf 85' lang='lat' dir='ltr'><strong>cx</strong></span> <span class='ocrx_word' id='word_1_412' title='bbox 1044 4457 1048 4463; x_wconf 93' lang='lat'>·</span> 
     </span>
    </p>
   </div>
   <div class='ocr_carea' id='block_1_8' title="bbox 0 0 1448 4905">
    <p class='ocr_par' dir='ltr' id='par_1_18' title="bbox 0 0 1448 4905">
     <span class='ocr_line' id='line_1_48' title="bbox 0 0 1448 4905; baseline 0 0"><span class='ocrx_word' id='word_1_413' title='bbox 0 0 1448 4905; x_wconf 95' lang='lat' dir='ltr'><strong> </strong></span> 
     </span>
    </p>
   </div>
  </div>
 </body>
</html>
