2894 4920
415 246 582 316 traxi.
627 245 806 316 criniti.
1126 255 1139 329 χ
1269 255 1323 308 oe

64 420 148 496 areli,
158 435 197 488 ut
209 419 279 488 urbi
290 419 449 497 excidium
460 422 649 495 minaretur;
664 419 891 502 confestimque
904 415 1042 482 exercitu
1057 417 1166 482 insulta
1231 404 1251 495 f

61 507 226 589 applicato,
239 529 299 573 non
316 508 417 570 minus
433 508 580 576 animosis
595 507 703 588 Tyriis
719 509 832 570 fiducia
850 503 1164 586 Carthaginiensium,
1231 497 1235 506 ’

31 593 141 664 ,δεῌο
156 592 318 678 excipitur.
353 593 501 676 Angebat
517 595 600 656 enim
615 590 724 676 Tyriis
743 591 870 658 animos,
886 589 1035 652 ¹Didonis
1058 609 1164 652 exem·
1218 641 1222 648 .

60 678 161 764 plum,
175 698 253 759 quae,
266 675 469 760 ²Certltaginc
491 679 626 754 conditi,
640 677 763 744 tertiam
786 693 905 759 partem
922 675 1018 737 Orbis
1036 675 1163 755 quaesis-

60 779 126 825 set:
149 763 236 845 turpe
252 762 411 840 ducentes,
425 764 451 826 si
465 762 600 836 leminis
616 764 681 826 suis
696 763 765 844 plus
781 762 879 825 animi
896 760 1005 824 lunser
1020 759 1056 830 in
1067 759 1164 841 impe·

59 847 110 910 rio
120 850 291 928 querendo,
306 847 399 930 quam
410 849 486 927 sibi,
502 849 533 912 in
549 849 662 912 tuendi
675 851 828 914 libertate.
862 846 979 908 Amotd
995 844 1092 926 igitur
1105 844 1164 907 im·

60 931 130 994 belli
140 945 228 997 aetate
245 932 478 1016 Carthaiginem,
489 949 522 998 et
537 935 692 998 arcessitis
708 943 785 1002 mox
799 930 949 1003 ³auxillis,
965 951 1025 996 non
1037 929 1165 1012 ⁴magnn
1245 983 1247 990 ,

56 1035 126 1100 post
136 1032 278 1100 tempore
292 1021 361 1100 'per
373 1019 580 1100 proditionem
596 1021 770 1099 capiuntur.
814 1046 816 1051 s
862 1061 866 1070 ,
1245 1049 1248 1058 .
1292 1035 1314 1051 ·‘

99 1102 205 1166 CAP.
218 1101 279 1164 ΧΙ.
297 1101 376 1166 Iade
392 1101 556 1166 ⁶Rhodum
575 1103 765 1179 Alexander,
780 1101 976 1186 ⁷AEgyptum,
991 1095 1262 1174 ⁸Ciliciam7titida

58 1207 117 1268 que
133 1187 215 1250 ⁹sine
231 1190 398 1262 certamine
421 1189 541 1271 recipit.
585 1187 668 1250 ¹⁰Ad
684 1190 795 1268 Jovem
815 1190 928 1264 deinde
952 1187 1162 1248 Hammonem
1173 1179 1323 1242 le‘lnffl·

56 1274 169 1355 pergit,
186 1275 382 1336 consulturus
405 1289 437 1335 et
458 1274 498 1336 de
521 1291 638 1340 eventu,
649 1273 838 1351 futurorum,
853 1288 884 1336 et
900 1275 939 1334 de
961 1271 1081 1354 origine
1097 1255 1244 1362 subsespt‘f
1257 1263 1312 1360 ΝΤ

58 1357 207 1442 Namque
224 1375 323 1420 mater
335 1359 403 1442 ejus
416 1359 581 1442 Olympias
593 1359 734 1422 confessa
744 1359 813 1422 viro
827 1359 1042 1440 suo.Philippo
1054 1321 1257 1445 [cernay-iah
1275 1340 1323 1428 aa:

58 1441 276 1520 Alexandrum
286 1464 345 1506 uon
356 1465 396 1506 ex
407 1465 445 1504 eo
456 1465 502 1516 se,
516 1447 571 1506 s'ed
587 1455 628 1522 en'
637 1457 779 1528 serpente
796 1444 929 1526 ingentis
941 1442 1164 1526 magnitudinis
1172 1450 1247 1496 nonis
1253 1447 1323 1496 Ten·

55 1531 246 1612 concepisse.
271 1529 417 1610 Denique
436 1527 595 1612 Philippus
612 1531 722 1592 ultimo
738 1551 832 1613 prope
848 1531 919 1592 vitae
935 1551 997 1592 suae
1012 1517 1242 1610 temporefflll

46 1611 156 1698 filium
169 1635 258 1689 suum
273 1631 331 1678 note
345 1636 410 1690 esse
420 1615 521 1696 palarn
535 1615 770 1695 praedicaverat.
803 1613 875 1688 Qua
890 1636 930 1678 ex
945 1617 1036 1676 causi
1053 1614 1163 1696 Olym·
1173 1577 1322 1696 ὂῇᾞῖἒ

53 1700 194 1781 piadem,
203 1701 290 1761 velut
302 1699 401 1780 stupri
414 1713 603 1778 compertam
615 1701 747 1778 repudio
756 1699 927 1762 dimiserat.
953 1700 1055 1780 Igitur
1065 1700 1163 1764 Alex·
1173 1711 1318 1762 Urbem

54 1786 167 1860 ander,
181 1784 310 1866 cupiens
332 1784 486 1865 originem
509 1782 682 1844 divinitatis
702 1783 861 1864 acquirere
880 1782 974 1844 simul
988 1799 1020 1843 et
1034 1795 1165 1850 matrem
1174 1777 1323 1830 Ant.c.329.

54 1867 187 1930 infamii
199 1867 341 1944 liberare,
353 1889 409 1950 per
422 1867 599 1950 premissos
615 1867 763 1928 subornat
774 1865 938 1944 antistites,
954 1867 1031 1948 quid
1044 1867 1103 1932 sibi
1118 1879 1167 1928 re·

55 1954 206 2035 sponderi
226 1955 312 2016 velit.
358 1951 590 2036 [egredientem
612 1953 776 2034 templum,
794 1951 898 2031 statim
911 1953 1084 2027 -antistites,
1108 1955 1169 2015 ¹¹ut

58 2037 251 2116 Hammonis
267 2039 365 2102 tilium
377 2039 520 2103 salutant.
552 2036 620 2116 Ille,
635 2037 722 2101 laetus
733 2035 785 2098 dei
798 2036 978 2122 adoptione,
989 2039 1049 2102 hoc
1063 2058 1096 2102 se
1112 2059 1166 2120 pa·

14 2211 15 2214 ¹
57 2140 103 2188 tre
120 2126 241 2204 censeri
251 2125 352 2207 jubet}
376 2123 480 2207 Rogat
491 2122 616 2199 deinde,
631 2133 668 2185 an
684 2143 792 2196 ornnes
805 2119 1017 2198 interfectores
1032 2124 1167 2207 parentis
1243 2176 1245 2185 .

55 2211 103 2272 sui
120 2211 165 2272 sit
181 2211 283 2283 ultos3
306 2214 520 2291 respondetur,
535 2223 656 2292 patrem
677 2205 746 2292 ejus
769 2228 827 2269 nec
848 2227 937 2290 posse
960 2208 1090 2272 interfici
1109 2229 1167 2274 nec

55 2297 158 2369 mori;
173 2297 272 2377 ²regis
287 2295 422 2378 Philippi
437 2311 589 2376 peractam
603 2292 853 2376 plene'ultinuem'
865 2313 943 2352 esse.
966 2293 1107 2359 Tertiam
1120 2297 1166 2358 in·

57 2381 299 2466 terrogationcm
316 2379 465 2462 poscenti,
480 2380 644 2450 victoriam
659 2377 800 2450 omniurn
821 2377 983 2458 bellorum,
997 2367 1167 2461 possessio·

56 2486 192 2550 nemque
209 2480 361 2544 terrarum
372 2465 444 2530 clari
458 2465 673 2548 respondetur.
709 2461 886 2527 Cornicinus
897 2481 1023 2546 quoque
1039 2463 1102 2528 suis
1118 2485 1166 2542 re·

465 2661 761 2714 inruerunrarto.
843 2697 857 2722 ,

116 2795 123 2813 ’
213 2832 231 2867 a
247 2817 366 2868 Ulttonem
376 2824 494 2882 tumptcm
504 2809 557 2867 erre
569 2816 596 2866 cb
608 2783 705 2866 mortem
717 2815 774 2878 regi
784 2789 898 2878 Pltile'ppo
909 2811 1009 2862 illatam.
1107 2811 1111 2818 '

513 3019 518 3026 „
552 2955 666 3024 nora.
725 2963 727 2968 ·
845 2958 851 2988 .

91 3127 108 3176 l
119 3121 251 3188 Didonis]
264 3123 303 3174 De
314 3127 367 3190 quii
379 3131 472 3191 agetur
484 3116 585 3188 posted.
624 3119 682 3170 sula
698 3117 869 3178 nobilissima,
880 3114 962 3166 Cariat
975 3113 1109 3182 adjacens,
1117 3127 1170 3164 sm·

46 3225 48 3232 ν
88 3192 300 3256 Mauritaniae]
338 3190 404 3240 Urbs
428 3199 486 3246 erat
508 3186 608 3240 Africa,
625 3188 682 3236 bitu
701 3187 749 3239 130
766 3189 805 3234 Μ.
824 3197 957 3249 passuum.
993 3181 1086 3232 Refert
1104 3179 1172 3231 Soli·

56 3265 180 3321 max'ma,
198 3261 224 3308 in
241 3265 286 3308 ori
303 3259 445 3317 maritimi,
461 3257 557 3316 Ourna,
568 3269 603 3305 ex
624 3268 673 3303 nus
685 3254 787 3302 nullum
803 3259 860 3301 toto
875 3261 940 3298 anno
957 3258 1009 3300 tam
1027 3249 1170 3298 obscurum

56 3328 133 3394 cujus
143 3327 229 3378 ruinis
238 3327 371 3375 Tuncrum
381 3323 520 3374 exercitiis
625 3321 695 3370 diem
707 3337 775 3386 esse,
786 3334 840 3385 quo
857 3319 883 3367 in
896 3317 946 3365 hic
963 3315 1049 3366 insuia
1060 3312 1105 3366 Sol
1118 3330 1170 3366 non

88 3397 105 3447 3
127 3391 262 3456 Aemiliis]
289 3393 314 3440 A
343 3386 602 3456 Cartltaginiensibus
624 3387 755 3437 cernatur.
1105 3383 1110 3390 “

57 3461 199 3524 sperabant
212 3455 321 3508 auxilia:
340 3458 388 3508 sed
406 3456 456 3515 illi,
468 3456 543 3506 novis
556 3455 603 3503 im·
658 3449 840 3522 7AEgpptumi
853 3445 932 3500 Prius
941 3451 1049 3510 Gazam,
1061 3447 1105 3502 ubi
1114 3443 1171 3497 rul-

55 3529 143 3592 pliciti
164 3525 248 3586 bellis,
261 3523 437 3575 laborantibus
452 3522 541 3588 Tyriis
559 3521 603 3574 nd·
624 3519 730 3571 necatus
741 3526 793 3579 est,
804 3518 828 3565 vi
838 3535 846 3574 ;
857 3513 1170 3580 etliierosolyrnam,ubi

56 3611 113 3646 esse
124 3610 178 3644 non
191 3597 340 3658 potuerunt.
625 3587 791 3647 sacrificavit,
804 3583 942 3633 deditione
956 3590 1070 3646 ceperat.

88 3664 219 3724 aMogno
226 3668 282 3724 poet
290 3657 410 3721 tempore]
419 3657 525 3721 Septem
534 3669 604 3711 men·
659 3657 675 3704 8
690 3649 818 3712 Cificiam]
830 3653 930 3700 Amano
941 3653 970 3696 et
978 3651 1067 3700 '1'auro
1077 3647 1171 3698 monti·

57 3743 98 3778 ses
111 3729 166 3778 hec
180 3727 206 3774 in
217 3725 353 3776 obsidione
367 3723 525 3788 consumpti.
559 3723 605 3770 ee
625 3720 684 3774 bus,
700 3718 853 3784 Pamphylia
867 3721 895 3766 et
908 3715 973 3764 mari
985 3713 1169 3781 circumscrip-

57 3795 191 3846 Plutarch.
204 3802 228 3842 ct
240 3793 309 3842 (laert.
625 3795 687 3836 tam.

89 3852 365 3924 sPerprarnnnem]
384 3857 442 3905 Non
455 3852 605 3919 proditione
647 3845 676 3904 '9
691 3855 749 3902 Sine
760 3847 909 3910 certandae]
925 3849 1069 3913 Antequam
1085 3845 1118 3896 ad
1131 3847 1169 3896 le-

57 3929 119 3978 urbs
133 3934 216 3990 capta
228 3936 278 3985 est,
289 3923 337 3976 sed
351 3921 449 3972 invicta
462 3920 604 3972 Alexandri
626 3935 683 3978 snm
696 3925 868 3986 pugnaretur,
880 3913 999 3966 Ciliciam
1012 3913 1170 3980 subegernts

58 3993 230 4049 fortitudine;
252 3994 294 4056 qui
317 3989 416 4042 eversis
434 3987 502 4052 saepi
527 3987 605 4040 maris
627 4001 707 4052 qrtare
731 3987 827 4050 Syriam
848 3981 990 4048 legendum
1014 3987 1066 4034 est,
1090 3993 1170 4042 quarn

59 4061 161 4127 impetu
181 4060 334 4126 aggeribus,
346 4057 402 4122 ipse
421 4055 537 4106 omnium
553 4056 605 4120 pri·
627 4053 700 4104 Darii
720 4053 836 4115 Satrapes
858 4060 918 4100 curn
940 4046 1070 4098 thesauris
1086 4046 1170 4114 replis

58 4141 117 4180 mus
129 4125 284 4178 conscensis
294 4123 376 4174 muris
386 4123 511 4172 urbemn
524 4123 607 4188 cepit,
628 4119 794 4172 tradiderunt
806 4113 965 4167 Alexandro.

59 4204 88 4247 et
100 4197 261 4246 resistentes
273 4192 297 4242 in
308 4192 396 4256 platea
408 4191 479 4238 cives
496 4183 608 4240 interne.-
623 4224 628 4228 -
661 4189 693 4237 10
704 4187 749 4236 Ad
756 4179 864 4245 Ionem]
880 4182 914 4232 lu
925 4183 973 4242 est,
983 4181 1017 4230 ad
1029 4175 1170 4242 Templum
1276 4221 1283 4228 .

60 4263 136 4312 cinne
153 4258 263 4311 delevit.
297 4259 338 4308 Ito
353 4253 428 4310 Diod
440 4256 571 4306 Plutarch.
581 4267 606 4305 et
628 4253 654 4310 in
667 4253 757 4316 Libysi',
766 4252 824 4303 lovi
836 4249 957 4299 Ammoni
971 4233 1083 4296 sacruni.
1120 4281 1123 4287 .
1223 4241 1227 4265 ·’

66 4329 134 4378 cirre.
664 4318 695 4368 11
707 4319 743 4368 Ut
758 4320 880 4368 Ammonis
890 4310 997 4378 filium]
1017 4311 1116 4366 lisdem
1127 4311 1173 4366 hb·

13 4399 17 4404 ·
95 4389 260 4472 enarra]
277 4393 306 4444 tr
323 4375 387 4444 nsit
408 4385 552 4458 constan>
571 4387 607 4440 tr.
626 4385 804 4440 tertosa...
815 4381 926 4436 errant
941 4377 997 4431 or..
1072 4453 1074 4458 Ι

758 4449 796 4524 Q
