2906 4902
419 295 509 362 LIB.
525 297 616 362 xm.
660 295 764 360 CAP.
780 295 809 360 1.

465 574 783 739 mmumu

244 829 247 835 ,
340 757 642 878 suentisium
663 753 889 880 eternum.

50 991 85 1046 1.
112 985 304 1050 Parthorum
319 985 418 1070 origm
432 986 564 1050 nominis
580 985 760 1062 obscuritas,
773 1005 939 1062 successus,
952 984 1121 1070 imperium.

49 1079 86 1134 2.
111 1071 221 1156 Regni
230 1072 371 1135 Parthici
381 1072 618 1140 administratio.
640 1071 828 1135 Parthorum
837 1085 1060 1150 sermuoestes‘,
1070 1091 1168 1148 arma,

147 1158 308 1234 exercitus,
315 1158 480 1242 praeliandi
494 1175 567 1220 mos.

51 1251 87 1304 3.
114 1241 224 1305 Mam
236 1245 400 1320 domestici,
409 1243 576 1326 sepultura,
588 1243 709 1327 religio,
717 1244 883 1323 ingenium,
892 1245 1032 1321 uirtutes,
1040 1254 1070 1306 et
1079 1242 1166 1306 uitia.
1196 1302 1199 1310 ,
1264 1303 1267 1308 ,
1325 1237 1348 1322 Ἰ

48 1334 86 1390 4.
113 1327 304 1391 Parthorum
318 1351 425 1412 regum
440 1351 490 1391 res
499 1341 597 1410 geste
605 1331 717 1412 paucis
731 1331 952 1396 describuntur.
1028 1397 1032 1400 ,

51 1423 88 1476 5.
114 1413 246 1476 Arsacis
259 1415 478 1500 sapientissimi
489 1414 675 1478 Parthorum
687 1417 771 1488 regis
782 1417 847 1478 uita
861 1431 890 1481 et
904 1438 984 1479 mors
991 1416 1124 1501 placida.

51 1508 87 1566 6.
110 1499 278 1563 Bactriani
300 1501 390 1582 regni
409 1511 510 1560 status
520 1500 576 1560 sub
590 1499 766 1584 litterariae,
781 1505 834 1590 qui
850 1501 869 1566 ἀ
888 1505 953 1584 filio
974 1505 1182 1587 opprimitur.¹

147 1581 333 1652 Parthorum
348 1584 443 1650 bellici
456 1603 621 1648 successus.

512 1839 677 1905 CAPUT.
697 1841 727 1904 1.

149 2011 450 2097 PARTH1‚penes
465 2033 556 2096 quos,
569 2013 840 2080 velut‘1divisione
855 2015 951 2080 Orbis
966 2005 1037 2080 cum
1053 2013 1169 2084 Ratis
1179 2027 1328 2078 Parciorem

56 2106 111 2170 uis
126 2102 220 2180 facti,
232 2119 314 2164 nunc
329 2099 469 2163 Orientis
485 2101 651 2182 imperium
670 2114 729 2180 est,
744 2100 931 2186 Scytharum
946 2102 1053 2165 exules
1067 2096 1169 2168 rbere.
1179 2097 1247 2176 ‘3²2'ss
1257 2103 1283 2174 ,θ’
1338 2166 1341 2176 ,

56 2191 141 2256 Hoc
155 2187 248 2250 etiem
264 2186 403 2269 ipsorum
417 2185 568 2276 vocabulo
583 2185 808 2250 manifestatur.
843 2187 930 2252 Nam
945 2187 1091 2272 Scythico
1105 2169 1330 2278 ser-Yfflffl)

57 2295 159 2340 mone
175 2270 282 2336 Parthi
297 2272 405 2333 exules
419 2270 575 2335 dicuutur.
619 2271 666 2333 Hi
681 2279 713 2334 et
728 2270 935 2356 Assyriorum
949 2287 981 2336 et
997 2273 1169 2339 Medorum
1179 2293 1218 2343 ot.
1230 2263 1285 2346 sss.
1294 2295 1319 2344 t.

57 2357 258 2443 temporibus
279 2357 360 2420 ‘mter
379 2353 519 2419 Orientis
536 2355 666 2439 populos
683 2357 896 2420 obscurissimi
911 2357 1012 2420 fuere.
1044 2356 1323 2424 ·PosteiUrb·C·508

57 2465 192 2530 quoque
210 2445 285 2506 ciem
304 2440 473 2524 imperium
486 2439 627 2504 Orientis
642 2438 664 2502 i
684 2439 795 2505 Medis
807 2441 847 2504 ad
864 2427 1327 2508 pessinuntensium·

59 2545 125 2608 est,
136 2526 234 2592 veluti
247 2526 362 2610 vulgus
375 2525 442 2588 sine
457 2525 592 2604 nornine,
605 2527 710 2610 praeda
722 2527 876 2590 victorum
892 2523 994 2590 inire.
1030 2529 1172 2593 ²Postre·

59 2615 121 2684 ms
135 2611 365 2677 Macedonibus
379 2610 569 2695 triumphato
583 2610 713 2676 Oriente
728 2612 923 2676 servierunt:
946 2627 981 2676 ut
995 2614 1096 2676 cuivis
1112 2615 1180 2676 mi?

57 2721 137 2768 rum
152 2698 306 2777 videatur,
321 2697 362 2773 ed
382 2710 500 2760 tautam
521 2718 575 2762 eos
592 2696 772 2762 felicitatem
793 2718 849 2782 per
863 2695 1027 2762 ¹'virtutem
1042 2719 1172 2782 provec-
1222 2721 1225 2730 ·

60 2803 127 2866 tos,
149 2800 185 2850 ut
205 2786 358 2867 imperent
380 2781 613 2866 gentibus,¹sub
632 2803 765 2866 querum
778 2784 919 2866 'imperio
939 2783 1037 2849 veluti
1059 2785 1172 2848 servile
1275 2794 1278 2802 ’

61 2873 181 2956 vulgus
194 2870 296 2935 fuere.
340 2868 373 2931 A
388 2867 547 2954 Romanis,
561 2889 696 2952 quoque,
710 2869 812 2932 2trinis
834 2869 933 2947 bellis,
946 2889 1002 2952 per
1016 2871 1172 2936 maximos
1210 2904 1212 2909 ·

61 2959 163 3023 duces
175 2953 400 3020 florentissimis
414 2955 606 3038 temporibus
620 2955 766 3036 lacessiti,
781 2955 840 3017 soli
856 2975 896 3018 ex
910 2955 1054 3019 omnibus
1070 2957 1171 3040 genti·
1244 2995 1247 3000 -

62 3045 126 3108 bus
141 3063 202 3106 uon
220 3062 309 3123 pares
324 3039 439 3117 solum,
453 3037 567 3103 terum
587 3041 682 3104 etiam
697 3040 845 3104 ³victores
860 3040 970 3104 fuiree
994 3061 1172 3124 quenquam

63 3130 139 3214 plus
154 3127 258 3212 glorie
277 3127 328 3203 sit,
343 3128 423 3188 iuter
439 3120 573 3208 Assyrii
592 3143 623 3190 et
638 3126 768 3194 Medica
783 3125 984 3208 Persicaque,
1000 3141 1173 3190 memorata

64 3215 144 3277 olim
157 3233 263 3297 regna,
278 3224 310 3273 et
325 3210 594 3294 opulentissimum
614 3211 698 3274 mille
713 3211 838 3274 urbium
859 3210 1057 3274 Bactrianum
1073 3212 1172 3294 impe-

65 3300 153 3378 rium
166 3315 326 3381 emergere
340 3295 489 3380 potuisse,
500 3290 595 3378 quim
607 3297 777 3382 longinqua
789 3296 868 3360 bella
879 3295 1009 3360 vicisse:
1025 3293 1172 3382 pretereb

444 3493 446 3498 -
471 3431 779 3523 mrnurnnrtrros

102 3639 120 3674 a
139 3623 254 3686 Dareique
270 3620 408 3672 eruemur
420 3621 611 3682 Mocedore'bus,
665 3619 684 3670 b
706 3623 757 3670 Pet·
777 3619 903 3672 virtutem
924 3620 1011 3672 decutet
1032 3623 1175 3684 quibusdam

66 3695 212 3826 pppppppm
229 3691 260 3738 de
276 3685 382 3752 populis
403 3689 511 3738 Orierttr'r
528 3690 611 3738 trium-
635 3689 769 3739 Editionih

561 3907 675 3960 NOTAE.

103 4057 362 4122 lDioier'orreOrbir.[
374 4058 426 4106 Eos
438 4055 612 4126 Romtnprum
666 4057 683 4108 3
703 4056 808 4118 Victores
820 4050 919 4118 seire]
940 4050 983 4102 Ab
1006 4049 1038 4104 iis
1062 4051 1171 4102 Crassus

71 4127 195 4190 potentie
207 4139 288 4190 prope
298 4141 373 4191 peres
384 4121 451 4174 dicit
460 4122 563 4172 Strabo.
633 4121 689 4188 ipse
704 4137 765 4173 cum
776 4119 830 4172 filio
849 4126 956 4186 totoque
972 4119 1091 4170 exercitu
1103 4116 1174 4166 dele·

106 4189 122 4238 2
135 4193 222 4243 thirsis
239 4192 313 4252 tellio,
327 4201 374 4258 per
388 4192 504 4240 maximos
521 4190 612 4253 deoru]
632 4199 693 4241 tus:
706 4189 834 4240 Antonius
846 4186 910 4237 verd
922 4196 1027 4236 coactus
1039 4183 1104 4247 fugi
1115 4199 1174 4232 con.

71 4257 111 4304 M.
126 4261 249 4310 Croesum
261 4267 290 4309 et
301 4257 470 4310 Antiochum:
490 4257 550 4321 quis
563 4265 614 4308 ten·v
633 4255 721 4308 sulere
732 4255 797 4305 sibi:
814 4253 862 4304 sed
872 4251 968 4307 deiude
979 4249 996 4302 i
1009 4247 1132 4306 Ventidio
1143 4256 1174 4302 et

73 4323 127 4371 tius
147 4327 290 4382 accesserit
307 4341 358 4375 non
373 4323 460 4384 video,
476 4323 527 4374 nisi
543 4321 612 4374 forte
633 4323 781 4377 Corbulone
792 4320 908 4392 superpti
919 4324 988 4372 suut.

73 4387 288 4522 peglgentidium
299 4393 343 4462 vel
353 4390 526 4448 Corbulonem
538 4388 613 4442 intel·
631 4389 632 4394 ’

87 4471 93 4502 Ι
143 4493 150 4506 .
556 4487 561 4500 1
588 4473 590 4478 ,
