2924 4918
418 174 423 216 i

344 251 348 256 ’
410 231 514 401 {mn
530 283 579 352 rr.
622 284 726 352 cnr.
743 285 790 352 11.
893 270 905 330 ³·-

58 461 117 526 n'ris
134 459 201 537 coli,
215 456 279 524 nisi
299 459 430 524 melun
445 459 520 524 Nilo
533 460 601 526 non
609 461 756 545 putruerit,
770 477 829 534 non
847 471 939 544 porse
951 459 1049 525 uideri
1063 463 1158 526 homi·

57 567 126 609 num
139 559 288 611 vetustate
303 547 451 618 ultimum,
466 567 532 632 quoe
550 547 615 609 sinc
630 566 675 628 'rx
694 545 946 629 aggerationibnr
964 568 1080 632 regom,
1093 552 1160 610 cine

58 632 124 696 Mn·
139 635 287 696 trahentis
300 633 414 710 limum,
427 644 580 695 terrarum
595 632 802 696 recentissimo
812 632 965 696 sidentur,
986 633 1046 695 llis
1063 635 1159 716 igitur

56 718 245 800 argumentis
259 717 412 801 superatis
426 717 594 804 AEgyptiis,
603 719 794 800 ¹notiquiores
810 731 935 802 semper
947 717 1068 797 Scythas
1083 720 1153 782 visi.
1167 751 1305 814 Dercnpm

100 797 266 866 CAP.'11.
279 803 424 887 'Scythia
437 819 540 868 antem
557 804 589 868 in
605 803 769 866 Orientem
784 819 925 884 porrecta
937 804 1104 867 includitur
1119 807 1157 867 ab
1167 819 1269 880 ,torna
1279 829 1304 866 ee

56 888 223 952 unolatere
241 889 353 966 Ponto,
370 901 402 953 et
415 889 455 951 nb
469 889 567 952 altero
580 890 750 952 ³montihns
772 881 956 971 Rtpnaenu
975 903 1064 971 tergo
1080 889 1240 954 Asiimm*
1258 885 1316 947 Sn-

56 989 87 1035 et
98 973 206 1036 ⁴Phasi
222 973 362 1038 flumine.
401 974 547 1038 Multum
562 974 594 1037 in
609 975 837 1057 longitudinem
851 984 883 1036 et
897 974 1094 1042 latitudinem
1106 954 1271 1058 pa·‘''“”¹⁴'”‘

56 1073 107 1122 tet.
148 1059 359 1124 ²Hominihus
373 1059 455 1124 inter
475 1081 508 1122 se
531 1059 606 1123 nulli
622 1060 710 1138 fines,
724 1079 827 1141 neque
883 1061 927 1124 im
943 1079 1054 1143 agrurn
1070 1082 1160 1123 exer-

56 1157 131 1222 cent,
141 1143 200 1208 ttec
215 1145 330 1208 domus
345 1145 405 1208 illis
417 1145 490 1223 ulla,
508 1161 566 1208 aut
580 1147 709 1222 tectum,
723 1159 777 1208 aut
786 1139 852 1216 ‘sed‘
902 1161 959 1220 est,
975 1163 1114 1210 armenta
1129 1161 1161 1212 et

57 1249 163 1311 pecora
178 1251 304 1315 semper
318 1231 526 1316 pascentibus,
535 1245 567 1294 st
581 1251 637 1315 per
651 1229 781 1293 incultas
792 1231 976 1294 solitudines
991 1251 1094 1294 errare
1109 1253 1160 1294 so·

54 1315 124 1378 litis.
169 1315 298 1380 Uxores
324 1317 502 1402 liberosque
525 1337 633 1380 secum
656 1319 701 1380 ⁵in
727 1317 874 1399 plaustris
894 1318 1023 1394 vehunt,
1046 1317 1162 1400 quibus

55 1401 158 1464 ficoriis
181 1402 329 1466 imbrium
350 1403 525 1486 hyemsque
547 1423 641 1466 consa
660 1403 761 1477 tectis,
780 1423 837 1486 pro
853 1402 1000 1466 domibus
1019 1419 1160 1467 utuntur.

55 1485 179 1567 Justitia
190 1487 292 1572 gentis
302 1488 436 1572 ingeniis
451 1491 545 1567 culta,
555 1509 616 1552 non
631 1489 765 1571 legibus.
810 1487 944 1551 Nullum
959 1489 1060 1552 scelus
1075 1489 1160 1574 apud

54 1593 106 1634 eos
118 1572 204 1636 furto
223 1575 371 1658 gravium
392 1575 508 1658 quippe
523 1575 591 1636 sine
613 1589 697 1637 tecto
720 1573 975 1655 munimenroque
997 1595 1109 1658 pecora
1129 1591 1161 1638 et

53 1674 191 1722 armenta
206 1659 288 1723 inter
301 1661 405 1742 sylvas
420 1660 616 1732 habentibus,
630 1659 707 1740 quid
722 1658 841 1719 salvum
858 1675 951 1733 esset,
966 1661 992 1722 si
1008 1661 1106 1724 furari
1122 1663 1161 1722 li·

54 1743 159 1806 cereti
176 1743 350 1810 Aurumet
361 1759 525 1826 argentum
539 1743 668 1828 perinde
684 1757 884 1825 aspernantur
899 1765 934 1805 ac
949 1745 1061 1826 reliqui
1077 1761 1160 1810 mor·

55 1831 130 1890 tales
150 1819 314 1910 appetunti
352 1829 452 1892 Lacte
471 1843 504 1892 et
523 1818 614 1891 m‘elle
630 1843 807 1891 vescuntur.
851 1827 949 1889 Lanae
972 1829 1011 1891 iis
1030 1849 1106 1892 usus
1127 1851 1163 1894 ao

54 1914 188 1976 vestium
215 1913 360 1996 ignothar
389 1928 421 1976 et
446 1933 624 1996 quanquam
651 1911 807 1979 continuis
831 1910 1000 1996 frigoribus
1022 1931 1162 1989 urantur,

54 1999 196 2081 ⁷pellibus
209 2011 312 2062 tameo
326 1998 435 2062 ferinis
456 2013 510 2062 sut
525 1995 656 2062 murinis
672 2014 811 2060 utuntur.
857 2000 936 2062 llaec
960 2001 1163 2067 ⁸continentia

55 2083 112 2148 illis
125 2103 250 2148 morum
265 2105 391 2168 quoque
399 2085 557 2170 justitiam
574 2085 685 2161 edidit,
700 2085 777 2146 nihil
793 2083 929 2148 alienum
940 2089 1161 2172 concupiscen-

55 2171 145 2233 tibus.
190 2169 325 2245 Qurrrs
348 2171 466 2234 ibidem
494 2169 677 2234 divitiarum
705 2170 822 2253 cupido
850 2187 909 2246 esc,
933 2172 986 2234 ubi
1015 2177 1047 2235 et
1075 2195 1177 2242 osus„

56 2252 176 2340 bAtque
197 2256 317 2322 utinam
338 2255 468 2341 reliquis
487 2258 670 2322 mortalibus
684 2257 802 2319 similis
819 2257 1005 2336 moderatio,
1020 2273 1052 2323 et
1067 2261 1161 2324 absti-

171 2397 221 2446 ψ,
241 2367 242 2372 ’
456 2353 754 2460 rurnriiithrsrro.

84 2469 216 2522 allandreis
226 2475 299 2522 terrina
307 2469 487 2536 possessiones
496 2473 528 2519 ab
537 2473 595 2521 aite-
618 2479 652 2520 tot
663 2485 695 2518 oc
707 2457 970 2543 mnrnwgmmms
985 2476 1078 2522 seculis
1087 2491 1161 2538 gere-

56 2539 104 2586 um
121 2539 208 2600 bonis,
223 2541 316 2589 turilias
336 2541 446 2586 morinis
463 2537 597 2586 distincta
618 2537 852 2586 rmrurinnmnitm
861 2537 1008 2600 reffimrihus,
1018 2549 1043 2586 st
1053 2557 1099 2588 nort
1107 2545 1162 2605 pin.

56 2615 114 2653 nme,
618 2619 658 2651 rec
670 2604 774 2652 domur
789 2606 817 2652 a'n
833 2603 895 2650 dello
906 2605 993 2666 gladio
1004 2619 1161 2669 mnrsrsnmr,
1256 2600 1280 2633 'r

83 2669 196 2750 pdeque
211 2674 305 2722 ennam
325 2673 407 2722 ceteri
426 2671 532 2720 domines
549 2685 597 2718 nnn
619 2685 692 2732 quom
700 2672 811 2720 naturali
822 2677 1017 2734 nortepereunt.
1078 2707 1080 2712 -
1250 2683 1253 2692 ⁴

56 2741 129 2802 magis
139 2741 226 2788 olim
236 2739 299 2788 bono
311 2745 462 2804 oppeterent,
476 2746 541 2786 ocris
549 2753 597 2786 non

552 2821 667 2872 NOTAE.

86 2903 222 2956 l-Eaeclnso
234 2904 317 2968 Min]
328 2903 379 2962 Qui
391 2919 426 2954 ex
435 2907 514 2955 Lnnae
526 2919 585 2956 mon
617 2904 663 2970 qui
675 2919 785 2956 nascens
797 2919 831 2954 ex
842 2905 971 2956 Armenia
980 2907 1122 2969 montibus,
1136 2909 1159 2958 in

56 2969 123 3022 tibus
132 2974 280 3038 prosiliens,
291 2973 451 3050 AEthiopiam
461 2981 489 3022 et
501 2973 596 3038 AEgyp·
617 2973 730 3022 Pontum
741 2973 871 3022 Euxinum
884 2971 979 3022 influit.

56 3043 108 3088 turn
117 3040 182 3092 duas
195 3041 222 3091 in
234 3040 474 3106 partesbrunna
486 3047 596 3103 propter
650 3042 667 3090 5
679 3042 836 3105 impioranris
848 3037 962 3104 velient]
982 3039 1056 3090 Unde
1069 3041 1160 3092 domos

57 3103 196 3170 Memphim
214 3107 312 3158 multos
325 3108 351 3156 'm
363 3104 451 3156 alveos
461 3103 595 3162 diffluens.
617 3121 679 3158 suas
688 3107 713 3156 in
723 3107 849 3171 planstris
861 3107 957 3158 habere
969 3106 1099 3156 dicuntur.

58 3169 81 3219 in
92 3187 160 3223 mare
170 3173 394 3225 Mediterraneum
406 3183 508 3238 septem
520 3177 596 3222 ostiis
651 3173 668 3224 6
682 3174 780 3237 Gonia]
791 3173 949 3232 (inminibus,
958 3189 1008 3223 non
1017 3174 1097 3224 coriis
1108 3181 1163 3224 tec-

57 3235 176 3301 iilabitur,
188 3255 300 3308 quorum
312 3249 430 3292 extrema
443 3248 504 3290 sunt
515 3241 597 3290 cuno·
617 3247 646 3290 ta
658 3241 761 3292 illorum
775 3241 893 3306 plaustra
905 3237 1018 3290 affirmat
1033 3243 1161 3293 Ammian.

58 3305 138 3368 picum
148 3307 182 3357 ad
195 3308 377 3369 Occidentem,
388 3315 417 3358 et
430 3307 595 3358 Pelueiscum
618 3306 738 3358 Marcell.
931 3340 934 3345 -

55 3371 88 3420 nd
100 3375 242 3426 Orientem.
651 3375 792 3427 ipsiusne
803 3375 978 3439 tommserinia
986 3383 1032 3426 out
1042 3375 1162 3440 monnio]

86 3437 238 3507 trenna]
259 3439 365 3505 Duplex
384 3439 435 3491 init
452 3453 487 3490 ex
510 3441 598 3492 Ptole·
621 3443 669 3490 Per
688 3442 784 3491 ferinas
801 3443 883 3504 pelles
903 3443 1031 3508 intelligit
1042 3445 1163 3510 grauidin-

59 3517 130 3565 mrroc
142 3511 277 3574 Europaes,
289 3523 347 3626 rpus
359 3510 442 3558 minor
453 3506 596 3568 dicitur,in
619 3521 676 3558 rurn
698 3507 823 3568 ferarum,
846 3517 875 3558 ut
898 3517 959 3558 sunt
977 3509 1042 3573 lupi,
1063 3511 1162 3568 leones,

58 3585 130 3636 quam
142 3577 238 3626 Darius
246 3591 294 3641 pro
305 3583 382 3627 ectus
395 3586 449 3626 est:
470 3575 597 3636 Asiatica,
619 3575 735 3640 leopardi
747 3597 753 3632 ς
770 3582 800 3624 et
820 3589 868 3639 per
885 3577 1009 3634 murinas,
1021 3576 1102 3639 pelles
1114 3579 1163 3627 mi-

58 3651 109 3702 que
121 3641 205 3710 major
217 3643 243 3692 in
256 3657 308 3708 qua
317 3643 401 3709 cyrus
410 3639 597 3708 &Massagetis
617 3657 711 3692 norum
725 3642 887 3700 animalium,
897 3649 928 3690 nt
945 3650 1007 3691 sunt
1025 3655 1163 3707 martures,

59 3711 164 3758 occisus.
201 3709 288 3760 Prima
300 3709 461 3776 borysthene
472 3716 499 3758 et
512 3707 598 3758 Tanai·
620 3707 715 3764 males,
726 3707 881 3774 vulpeculae,
900 3707 1019 3768 simones,
1036 3711 1162 3769 Parthici,

58 3775 217 3836 terminatur,
234 3773 280 3826 uhi
296 3791 365 3826 nnnc
375 3773 482 3826 Tartari
501 3775 599 3826 Preco-
619 3773 666 3823 irc.
677 3787 787 3834 quorum
805 3775 918 3839 pellibus
936 3775 970 3825 ad
987 3779 1121 3838 restitum,
1135 3791 1162 3828 et

58 3851 156 3902 penses,
171 3847 200 3890 et
209 3843 380 3893 Musoovitasc
400 3843 485 3892 altera
499 3839 595 3893 iterim
618 3841 719 3907 Scythae
730 3850 758 3891 et
776 3841 853 3893 multi
873 3843 999 3908 deinceps
1015 3845 1107 3908 populi
1120 3848 1161 3896 usi

59 3903 149 3971 duplex
157 3913 210 3968 est,
223 3923 273 3960 una
287 3906 400 3960 i'l'anai'
411 3909 445 3958 sd
457 3915 561 3960 monten
574 3912 597 3960 1·
618 3918 694 3966 sunt,
713 3909 777 3974 quin
797 3911 878 3958 etiam
890 3917 996 3960 veteres
1013 3912 1101 3960 Latini
1118 3925 1164 3958 no·

58 3984 138 4024 nuum
152 3975 232 4044 juxta
247 3975 372 4042 Caspium
391 3990 463 4024 mare
476 3975 597 4028 extendi·
618 3975 689 4026 mine
708 3977 831 4036 murium,
847 3975 922 4037 seles,
939 3977 1022 4041 ipsos.
1042 3989 1099 4026 tum
1117 3977 1162 4026 do-

59 4045 113 4097 iffl'r
128 4042 246 4094 munda
261 4057 296 4093 ex
312 4057 364 4094 nnn
378 4052 454 4108 parte
469 4043 596 4104 lmso,·or
619 4041 887 4104 mestioos,turnieros
898 4044 1161 4108 comprehenderunt.

59 4103 134 4157 altera
157 4111 231 4161 Sacis
252 4115 282 4158 et
304 4111 381 4161 Indis
397 4106 534 4171 definitur,
549 4111 595 4162 ubi
617 4117 646 4159 et
657 4109 759 4176 majora
776 4110 855 4160 etiam
873 4111 1003 4161 animalia.
1017 4108 1077 4158 crim
1099 4113 1162 4158 Pan.

58 4185 120 4224 nnnc
131 4177 246 4238 Tartari,
257 4185 404 4242 etr-egnum
416 4175 517 4242 Magni
617 4177 706 4228 theras
718 4177 828 4228 Romani
840 4191 929 4229 mures
940 4179 1076 4227 Africanos
1088 4177 1161 4230 dixe·

90 4235 241 4294 intonans
252 4243 379 4310 Raptam]
401 4243 445 4294 Ad
461 4251 595 4294 extremos
618 4245 679 4294 rint.

61 4301 167 4368 Smhiae
188 4307 254 4362 finer
272 4309 366 4377 positi,
385 4309 595 4378 Septentrionem
651 4313 667 4360 8
681 4305 859 4376 Continentia]
872 4313 993 4360 Nonium
1006 4308 1161 4360 adiristnrin·

60 4367 154 4424 vertis.
618 4377 768 4437 veritatem,
782 4391 860 4444 qnam
876 4377 912 4428 ad
933 4378 1088 4440 Scytharum
1111 4381 1149 4426 nn.

89 4439 106 4490 *i
116 4439 225 4508 Phari]
244 4443 404 4498 Colchorum
424 4449 467 4497 est
487 4441 602 4503 durius,
618 4443 745 4496 dernhaec
757 4445 865 4511 scripsit
876 4444 1003 4494 lustinus.
