<?xml version="1.0" encoding="UTF-8"?>
<!DOCTYPE html PUBLIC "-//W3C//DTD XHTML 1.0 Transitional//EN"
    "http://www.w3.org/TR/xhtml1/DTD/xhtml1-transitional.dtd">
<html xmlns="http://www.w3.org/1999/xhtml" xml:lang="en" lang="en">
 <head>
  <title>
</title>
<meta http-equiv="Content-Type" content="text/html;charset=utf-8" />
  <meta name='ocr-system' content='tesseract 3.04.00' />
  <meta name='ocr-capabilities' content='ocr_page ocr_carea ocr_par ocr_line ocrx_word'/>
</head>
<body>
  <div class='ocr_page' id='page_1' title='image "./justinusdehisto00bonggoog_0120.png"; bbox 0 0 2894 4920; ppageno 0'>
   <div class='ocr_carea' id='block_1_1' title="bbox 118 805 213 924">
    <p class='ocr_par' dir='ltr' id='par_1_1' title="bbox 118 805 213 924">
     <span class='ocr_line' id='line_1_1' title="bbox 118 805 213 886; baseline 0.021 -32"><span class='ocrx_word' id='word_1_1' title='bbox 118 805 213 886; x_wconf 56' lang='lat' dir='ltr'><strong>Perias</strong></span> 
     </span>
     <span class='ocr_line' id='line_1_2' title="bbox 118 880 204 924; baseline -0.047 0"><span class='ocrx_word' id='word_1_2' title='bbox 118 880 204 924; x_wconf 71' lang='lat' dir='ltr'><strong>anteit.</strong></span> 
     </span>
    </p>
   </div>
   <div class='ocr_carea' id='block_1_2' title="bbox 689 293 918 384">
    <p class='ocr_par' dir='ltr' id='par_1_2' title="bbox 689 293 918 384">
     <span class='ocr_line' id='line_1_3' title="bbox 689 293 918 384; baseline -0.009 -16"><span class='ocrx_word' id='word_1_3' title='bbox 689 293 693 301; x_wconf 81' lang='grc'>’</span> <span class='ocrx_word' id='word_1_4' title='bbox 730 300 918 384; x_wconf 78' lang='lat' dir='ltr'><strong>Jusrmr</strong></span> 
     </span>
    </p>
   </div>
   <div class='ocr_carea' id='block_1_3' title="bbox 263 469 1443 1842">
    <p class='ocr_par' dir='ltr' id='par_1_3' title="bbox 274 469 1443 822">
     <span class='ocr_line' id='line_1_4' title="bbox 274 469 1443 558; baseline -0.005 -18"><span class='ocrx_word' id='word_1_5' title='bbox 274 491 355 549; x_wconf 73' lang='lat' dir='ltr'><strong>rain,</strong></span> <span class='ocrx_word' id='word_1_6' title='bbox 369 473 466 558; x_wconf 86' lang='lat' dir='ltr'><strong>jecit:</strong></span> <span class='ocrx_word' id='word_1_7' title='bbox 490 487 688 556; x_wconf 81' lang='lat' dir='ltr'><strong>armatusque</strong></span> <span class='ocrx_word' id='word_1_8' title='bbox 709 473 748 536; x_wconf 90' lang='lat' dir='ltr'><strong>de</strong></span> <span class='ocrx_word' id='word_1_9' title='bbox 771 473 853 544; x_wconf 78' lang='lat' dir='ltr'><strong>navi,</strong></span> <span class='ocrx_word' id='word_1_10' title='bbox 875 469 1070 556; x_wconf 85' lang='lat' dir='ltr'><strong>²rripudlanti</strong></span> <span class='ocrx_word' id='word_1_11' title='bbox 1091 469 1214 546; x_wconf 81' lang='lat' dir='ltr'><strong>similia,</strong></span> <span class='ocrx_word' id='word_1_12' title='bbox 1232 472 1400 554; x_wconf 79' lang='lat' dir='ltr'><strong>prosiluit,</strong></span> <span class='ocrx_word' id='word_1_13' title='bbox 1442 481 1443 486; x_wconf 77' lang='grc'>’</span> 
     </span>
     <span class='ocr_line' id='line_1_5' title="bbox 276 559 1400 642; baseline -0.002 -20"><span class='ocrx_word' id='word_1_14' title='bbox 276 563 431 640; x_wconf 42' lang='lat' dir='ltr'><strong>atquesita</strong></span> <span class='ocrx_word' id='word_1_15' title='bbox 454 561 569 634; x_wconf 81' lang='lat' dir='ltr'><strong>hostias</strong></span> <span class='ocrx_word' id='word_1_16' title='bbox 585 561 686 638; x_wconf 76' lang='lat' dir='ltr'><strong>credit,</strong></span> <span class='ocrx_word' id='word_1_17' title='bbox 701 575 854 642; x_wconf 80' lang='lat' dir='ltr'><strong>precatus,</strong></span> <span class='ocrx_word' id='word_1_18' title='bbox 868 579 907 622; x_wconf 82' lang='lat' dir='ltr'><strong>ne</strong></span> <span class='ocrx_word' id='word_1_19' title='bbox 927 582 960 621; x_wconf 86' lang='lat' dir='ltr'><strong>se</strong></span> <span class='ocrx_word' id='word_1_20' title='bbox 982 580 1082 640; x_wconf 77' lang='lat' dir='ltr'><strong>regem</strong></span> <span class='ocrx_word' id='word_1_21' title='bbox 1098 559 1156 620; x_wconf 81' lang='lat' dir='ltr'><strong>illa·</strong></span> <span class='ocrx_word' id='word_1_22' title='bbox 1171 569 1265 621; x_wconf 81' lang='lat' dir='ltr'><strong>terroe</strong></span> <span class='ocrx_word' id='word_1_23' title='bbox 1284 560 1400 620; x_wconf 70' lang='lat' dir='ltr'><strong>invitm</strong></span> 
     </span>
     <span class='ocr_line' id='line_1_6' title="bbox 275 641 1400 730; baseline -0.002 -22"><span class='ocrx_word' id='word_1_24' title='bbox 275 647 435 730; x_wconf 81' lang='lat' dir='ltr'><strong>arripiant.</strong></span> <span class='ocrx_word' id='word_1_25' title='bbox 483 647 519 708; x_wconf 89' lang='lat' dir='ltr'><strong>ln</strong></span> <span class='ocrx_word' id='word_1_26' title='bbox 545 647 604 708; x_wconf 85' lang='lat' dir='ltr'><strong>llio</strong></span> <span class='ocrx_word' id='word_1_27' title='bbox 627 654 752 728; x_wconf 77' lang='lat' dir='ltr'><strong>qunque</strong></span> <span class='ocrx_word' id='word_1_28' title='bbox 775 648 814 708; x_wconf 87' lang='lat' dir='ltr'><strong>ad</strong></span> <span class='ocrx_word' id='word_1_29' title='bbox 837 646 985 723; x_wconf 83' lang='lat' dir='ltr'><strong>tumulos,</strong></span> <span class='ocrx_word' id='word_1_30' title='bbox 999 646 1156 722; x_wconf 72' lang='lat' dir='ltr'><strong>³herouin,</strong></span> <span class='ocrx_word' id='word_1_31' title='bbox 1171 647 1225 727; x_wconf 88' lang='lat' dir='ltr'><strong>qui</strong></span> <span class='ocrx_word' id='word_1_32' title='bbox 1247 641 1400 728; x_wconf 88' lang='lat' dir='ltr'><strong>Trojano</strong></span> 
     </span>
     <span class='ocr_line' id='line_1_7' title="bbox 275 731 1249 822; baseline -0.003 -28"><span class='ocrx_word' id='word_1_33' title='bbox 275 731 355 794; x_wconf 85' lang='lat' dir='ltr'><strong>bello</strong></span> <span class='ocrx_word' id='word_1_34' title='bbox 371 733 557 804; x_wconf 82' lang='lat' dir='ltr'><strong>ceciderant,</strong></span> <span class='ocrx_word' id='word_1_35' title='bbox 572 731 754 813; x_wconf 81' lang='lat' dir='ltr'><strong>parentarit.</strong></span> <span class='ocrx_word' id='word_1_36' title='bbox 846 737 1142 822; x_wconf 44' lang='lat' dir='ltr'><strong>mammae*</strong></span> <span class='ocrx_word' id='word_1_37' title='bbox 1247 731 1249 739; x_wconf 88' lang='lat'>&#39;</span> 
     </span>
    </p>

    <p class='ocr_par' dir='ltr' id='par_1_4' title="bbox 263 811 1399 1842">
     <span class='ocr_line' id='line_1_8' title="bbox 318 811 1397 900; baseline -0.003 -20"><span class='ocrx_word' id='word_1_38' title='bbox 318 817 418 882; x_wconf 70' lang='lat' dir='ltr'><strong>cnr.</strong></span> <span class='ocrx_word' id='word_1_39' title='bbox 436 817 495 888; x_wconf 88' lang='lat' dir='ltr'><strong>Vl.</strong></span> <span class='ocrx_word' id='word_1_40' title='bbox 530 819 620 895; x_wconf 84' lang='lat' dir='ltr'><strong>lude,</strong></span> <span class='ocrx_word' id='word_1_41' title='bbox 640 817 718 878; x_wconf 78' lang='lat' dir='ltr'><strong>hosa</strong></span> <span class='ocrx_word' id='word_1_42' title='bbox 731 839 761 878; x_wconf 89' lang='lat' dir='ltr'><strong>m</strong></span> <span class='ocrx_word' id='word_1_43' title='bbox 777 831 896 900; x_wconf 70' lang='lat' dir='ltr'><strong>petens,</strong></span> <span class='ocrx_word' id='word_1_44' title='bbox 913 817 1027 878; x_wconf 77' lang='lat' dir='ltr'>milites</span> <span class='ocrx_word' id='word_1_45' title='bbox 1048 811 1065 876; x_wconf 75' lang='grc' dir='ltr'>ὲ</span> <span class='ocrx_word' id='word_1_46' title='bbox 1081 813 1282 898; x_wconf 86' lang='lat' dir='ltr'><strong>populatione</strong></span> <span class='ocrx_word' id='word_1_47' title='bbox 1298 813 1397 878; x_wconf 82' lang='lat' dir='ltr'><strong>Asiae</strong></span> 
     </span>
     <span class='ocr_line' id='line_1_9' title="bbox 273 901 1399 987; baseline -0.003 -24"><span class='ocrx_word' id='word_1_48' title='bbox 273 903 441 986; x_wconf 80' lang='lat' dir='ltr'><strong>prohibuit,</strong></span> <span class='ocrx_word' id='word_1_49' title='bbox 456 903 644 986; x_wconf 83' lang='lat' dir='ltr'><strong>parcendum</strong></span> <span class='ocrx_word' id='word_1_50' title='bbox 658 903 725 966; x_wconf 82' lang='lat' dir='ltr'><strong>suis</strong></span> <span class='ocrx_word' id='word_1_51' title='bbox 740 903 828 966; x_wconf 79' lang='lat' dir='ltr'><strong>rebus</strong></span> <span class='ocrx_word' id='word_1_52' title='bbox 847 903 1000 984; x_wconf 71' lang='lat' dir='ltr'><strong>prefatus,</strong></span> <span class='ocrx_word' id='word_1_53' title='bbox 1017 923 1069 963; x_wconf 85' lang='lat' dir='ltr'><strong>nec</strong></span> <span class='ocrx_word' id='word_1_54' title='bbox 1083 901 1247 986; x_wconf 72' lang='lat' dir='ltr'><strong>perdendo</strong></span> <span class='ocrx_word' id='word_1_55' title='bbox 1260 910 1308 974; x_wconf 76' lang='lat' dir='ltr'><strong>eir,</strong></span> <span class='ocrx_word' id='word_1_56' title='bbox 1325 919 1399 987; x_wconf 83' lang='lat' dir='ltr'><strong>quoe</strong></span> 
     </span>
     <span class='ocr_line' id='line_1_10' title="bbox 263 987 1398 1082; baseline -0.002 -32"><span class='ocrx_word' id='word_1_57' title='bbox 263 992 443 1082; x_wconf 32' lang='lat' dir='ltr'><strong>lpooseasuri</strong></span> <span class='ocrx_word' id='word_1_58' title='bbox 458 991 608 1052; x_wconf 84' lang='lat' dir='ltr'><strong>venerint.</strong></span> <span class='ocrx_word' id='word_1_59' title='bbox 654 991 691 1050; x_wconf 90' lang='lat' dir='ltr'><strong>In</strong></span> <span class='ocrx_word' id='word_1_60' title='bbox 712 989 861 1052; x_wconf 87' lang='lat' dir='ltr'><strong>exercitui</strong></span> <span class='ocrx_word' id='word_1_61' title='bbox 877 989 945 1071; x_wconf 86' lang='lat' dir='ltr'><strong>ejus</strong></span> <span class='ocrx_word' id='word_1_62' title='bbox 960 987 1049 1050; x_wconf 73' lang='lat' dir='ltr'><strong>luere</strong></span> <span class='ocrx_word' id='word_1_63' title='bbox 1069 989 1209 1070; x_wconf 84' lang='lat' dir='ltr'><strong>peditum</strong></span> <span class='ocrx_word' id='word_1_64' title='bbox 1226 987 1309 1050; x_wconf 76' lang='lat' dir='ltr'><strong>³xxrt</strong></span> <span class='ocrx_word' id='word_1_65' title='bbox 1326 990 1398 1048; x_wconf 89' lang='lat' dir='ltr'><strong>duo</strong></span> 
     </span>
     <span class='ocr_line' id='line_1_11' title="bbox 273 1075 1397 1158; baseline -0.002 -20"><span class='ocrx_word' id='word_1_66' title='bbox 273 1075 382 1148; x_wconf 80' lang='lat' dir='ltr'><strong>millia,</strong></span> <span class='ocrx_word' id='word_1_67' title='bbox 398 1079 539 1158; x_wconf 85' lang='lat' dir='ltr'><strong>equitum</strong></span> <span class='ocrx_word' id='word_1_68' title='bbox 557 1086 691 1156; x_wconf 86' lang='lat' dir='ltr'><strong>quatuor</strong></span> <span class='ocrx_word' id='word_1_69' title='bbox 706 1075 803 1136; x_wconf 86' lang='lat' dir='ltr'><strong>millia</strong></span> <span class='ocrx_word' id='word_1_70' title='bbox 816 1075 988 1158; x_wconf 79' lang='lat' dir='ltr'><strong>quingenti,</strong></span> <span class='ocrx_word' id='word_1_71' title='bbox 1005 1095 1098 1134; x_wconf 80' lang='lat' dir='ltr'><strong>naves</strong></span> <span class='ocrx_word' id='word_1_72' title='bbox 1114 1089 1237 1137; x_wconf 90' lang='lat' dir='ltr'><strong>centum</strong></span> <span class='ocrx_word' id='word_1_73' title='bbox 1255 1091 1397 1136; x_wconf 76' lang='lat' dir='ltr'><strong>Lxxxn.</strong></span> 
     </span>
     <span class='ocr_line' id='line_1_12' title="bbox 274 1161 1396 1244; baseline -0.004 -18"><span class='ocrx_word' id='word_1_74' title='bbox 274 1161 343 1226; x_wconf 77' lang='lat' dir='ltr'><strong>Hac</strong></span> <span class='ocrx_word' id='word_1_75' title='bbox 355 1176 418 1222; x_wconf 88' lang='lat' dir='ltr'><strong>tam</strong></span> <span class='ocrx_word' id='word_1_76' title='bbox 434 1164 529 1244; x_wconf 70' lang='lat' dir='ltr'><strong>parri</strong></span> <span class='ocrx_word' id='word_1_77' title='bbox 545 1182 639 1222; x_wconf 88' lang='lat' dir='ltr'><strong>manu</strong></span> <span class='ocrx_word' id='word_1_78' title='bbox 657 1161 837 1221; x_wconf 82' lang='lat' dir='ltr'><strong>universum</strong></span> <span class='ocrx_word' id='word_1_79' title='bbox 852 1175 1003 1222; x_wconf 84' lang='lat' dir='ltr'><strong>terrarum</strong></span> <span class='ocrx_word' id='word_1_80' title='bbox 1015 1164 1121 1220; x_wconf 87' lang='lat' dir='ltr'><strong>orbem</strong></span> <span class='ocrx_word' id='word_1_81' title='bbox 1134 1175 1238 1222; x_wconf 85' lang='lat' dir='ltr'><strong>utrum</strong></span> <span class='ocrx_word' id='word_1_82' title='bbox 1252 1163 1396 1222; x_wconf 87' lang='lat' dir='ltr'><strong>admira-</strong></span> 
     </span>
     <span class='ocr_line' id='line_1_13' title="bbox 273 1243 1397 1328; baseline 0.002 -22"><span class='ocrx_word' id='word_1_83' title='bbox 273 1245 366 1308; x_wconf 88' lang='lat' dir='ltr'><strong>bilius</strong></span> <span class='ocrx_word' id='word_1_84' title='bbox 389 1246 510 1320; x_wconf 82' lang='lat' dir='ltr'><strong>vicerit,</strong></span> <span class='ocrx_word' id='word_1_85' title='bbox 525 1267 563 1308; x_wconf 87' lang='lat' dir='ltr'><strong>an</strong></span> <span class='ocrx_word' id='word_1_86' title='bbox 586 1247 715 1328; x_wconf 78' lang='lat' dir='ltr'>aggredi</span> <span class='ocrx_word' id='word_1_87' title='bbox 739 1267 832 1308; x_wconf 88' lang='lat' dir='ltr'><strong>ausus</strong></span> <span class='ocrx_word' id='word_1_88' title='bbox 856 1246 972 1321; x_wconf 62' lang='lat' dir='ltr'><strong>fuerit..</strong></span> <span class='ocrx_word' id='word_1_89' title='bbox 982 1244 1134 1306; x_wconf 74' lang='lat' dir='ltr'><strong>incertum</strong></span> <span class='ocrx_word' id='word_1_90' title='bbox 1157 1261 1225 1306; x_wconf 83' lang='lat' dir='ltr'><strong>est:</strong></span> <span class='ocrx_word' id='word_1_91' title='bbox 1248 1243 1325 1307; x_wconf 74' lang='lat' dir='ltr'><strong>cnm</strong></span> <span class='ocrx_word' id='word_1_92' title='bbox 1352 1246 1397 1309; x_wconf 82' lang='lat' dir='ltr'><strong>ad</strong></span> 
     </span>
     <span class='ocr_line' id='line_1_14' title="bbox 272 1327 1396 1414; baseline 0.003 -22"><span class='ocrx_word' id='word_1_93' title='bbox 272 1345 336 1396; x_wconf 87' lang='lat' dir='ltr'><strong>tam</strong></span> <span class='ocrx_word' id='word_1_94' title='bbox 354 1327 564 1414; x_wconf 83' lang='lat' dir='ltr'><strong>periculosum</strong></span> <span class='ocrx_word' id='word_1_95' title='bbox 580 1331 693 1393; x_wconf 85' lang='lat' dir='ltr'><strong>belluni</strong></span> <span class='ocrx_word' id='word_1_96' title='bbox 712 1334 884 1394; x_wconf 86' lang='lat' dir='ltr'><strong>exercitum</strong></span> <span class='ocrx_word' id='word_1_97' title='bbox 903 1333 1032 1412; x_wconf 81' lang='lat' dir='ltr'><strong>legeret,</strong></span> <span class='ocrx_word' id='word_1_98' title='bbox 1049 1350 1108 1392; x_wconf 85' lang='lat' dir='ltr'><strong>non</strong></span> <span class='ocrx_word' id='word_1_99' title='bbox 1128 1330 1264 1414; x_wconf 77' lang='lat' dir='ltr'><strong>juvenes</strong></span> <span class='ocrx_word' id='word_1_100' title='bbox 1277 1333 1396 1394; x_wconf 86' lang='lat' dir='ltr'><strong>robus·</strong></span> 
     </span>
     <span class='ocr_line' id='line_1_15' title="bbox 272 1417 1397 1498; baseline 0.002 -20"><span class='ocrx_word' id='word_1_101' title='bbox 272 1429 333 1490; x_wconf 83' lang='lat' dir='ltr'><strong>tos,</strong></span> <span class='ocrx_word' id='word_1_102' title='bbox 347 1439 404 1484; x_wconf 85' lang='lat' dir='ltr'><strong>nec</strong></span> <span class='ocrx_word' id='word_1_103' title='bbox 420 1418 555 1498; x_wconf 86' lang='lat' dir='ltr'><strong>primum</strong></span> <span class='ocrx_word' id='word_1_104' title='bbox 573 1417 681 1478; x_wconf 87' lang='lat' dir='ltr'><strong>florem</strong></span> <span class='ocrx_word' id='word_1_105' title='bbox 704 1418 813 1492; x_wconf 86' lang='lat' dir='ltr'><strong>aetatis,</strong></span> <span class='ocrx_word' id='word_1_106' title='bbox 828 1417 884 1478; x_wconf 88' lang='lat' dir='ltr'><strong>sed</strong></span> <span class='ocrx_word' id='word_1_107' title='bbox 902 1433 1081 1489; x_wconf 80' lang='lat' dir='ltr'><strong>veteranos;</strong></span> <span class='ocrx_word' id='word_1_108' title='bbox 1106 1419 1269 1498; x_wconf 77' lang='lat' dir='ltr'><strong>plerosque</strong></span> <span class='ocrx_word' id='word_1_109' title='bbox 1290 1420 1397 1480; x_wconf 83' lang='lat' dir='ltr'><strong>etiam</strong></span> 
     </span>
     <span class='ocr_line' id='line_1_16' title="bbox 272 1502 1395 1588; baseline 0.003 -26"><span class='ocrx_word' id='word_1_110' title='bbox 272 1502 412 1568; x_wconf 82' lang='lat' dir='ltr'><strong>emeritae</strong></span> <span class='ocrx_word' id='word_1_111' title='bbox 428 1502 560 1576; x_wconf 82' lang='lat' dir='ltr'><strong>militiae,</strong></span> <span class='ocrx_word' id='word_1_112' title='bbox 576 1503 629 1584; x_wconf 86' lang='lat' dir='ltr'><strong>qui</strong></span> <span class='ocrx_word' id='word_1_113' title='bbox 647 1523 718 1562; x_wconf 84' lang='lat' dir='ltr'><strong>cuni</strong></span> <span class='ocrx_word' id='word_1_114' title='bbox 735 1517 819 1583; x_wconf 87' lang='lat' dir='ltr'><strong>patre</strong></span> <span class='ocrx_word' id='word_1_115' title='bbox 840 1503 1020 1584; x_wconf 81' lang='lat' dir='ltr'><strong>patinisque</strong></span> <span class='ocrx_word' id='word_1_116' title='bbox 1036 1502 1256 1578; x_wconf 74' lang='lat' dir='ltr'><strong>militaverant,</strong></span> <span class='ocrx_word' id='word_1_117' title='bbox 1272 1505 1395 1588; x_wconf 84' lang='lat' dir='ltr'><strong>elegit:</strong></span> 
     </span>
     <span class='ocr_line' id='line_1_17' title="bbox 272 1583 1394 1669; baseline 0.003 -20"><span class='ocrx_word' id='word_1_118' title='bbox 272 1589 309 1650; x_wconf 76' lang='lat' dir='ltr'><strong>tlt</strong></span> <span class='ocrx_word' id='word_1_119' title='bbox 331 1609 391 1648; x_wconf 89' lang='lat' dir='ltr'><strong>non</strong></span> <span class='ocrx_word' id='word_1_120' title='bbox 413 1602 478 1648; x_wconf 86' lang='lat' dir='ltr'><strong>tam</strong></span> <span class='ocrx_word' id='word_1_121' title='bbox 505 1587 631 1662; x_wconf 75' lang='lat' dir='ltr'><strong>milites,</strong></span> <span class='ocrx_word' id='word_1_122' title='bbox 653 1583 747 1668; x_wconf 70' lang='lat' dir='ltr'><strong>quim</strong></span> <span class='ocrx_word' id='word_1_123' title='bbox 772 1588 937 1668; x_wconf 83' lang='lat' dir='ltr'><strong>magistros</strong></span> <span class='ocrx_word' id='word_1_124' title='bbox 965 1589 1083 1649; x_wconf 81' lang='lat' dir='ltr'><strong>militiae</strong></span> <span class='ocrx_word' id='word_1_125' title='bbox 1111 1589 1225 1650; x_wconf 86' lang='lat' dir='ltr'><strong>electos</strong></span> <span class='ocrx_word' id='word_1_126' title='bbox 1248 1605 1394 1669; x_wconf 87' lang='lat' dir='ltr'><strong>putares.</strong></span> 
     </span>
     <span class='ocr_line' id='line_1_18' title="bbox 273 1671 1396 1757; baseline 0.002 -21"><span class='ocrx_word' id='word_1_127' title='bbox 273 1671 412 1736; x_wconf 81' lang='lat' dir='ltr'>Ordines</span> <span class='ocrx_word' id='word_1_128' title='bbox 427 1693 553 1755; x_wconf 86' lang='lat' dir='ltr'><strong>qunque</strong></span> <span class='ocrx_word' id='word_1_129' title='bbox 568 1693 661 1734; x_wconf 89' lang='lat' dir='ltr'><strong>nemo</strong></span> <span class='ocrx_word' id='word_1_130' title='bbox 683 1672 743 1736; x_wconf 87' lang='lat' dir='ltr'><strong>nisi</strong></span> <span class='ocrx_word' id='word_1_131' title='bbox 767 1675 987 1756; x_wconf 81' lang='lat' dir='ltr'><strong>sexagenarius</strong></span> <span class='ocrx_word' id='word_1_132' title='bbox 1002 1677 1112 1736; x_wconf 83' lang='lat' dir='ltr'><strong>duxit:</strong></span> <span class='ocrx_word' id='word_1_133' title='bbox 1136 1691 1171 1736; x_wconf 92' lang='lat' dir='ltr'><strong>ut</strong></span> <span class='ocrx_word' id='word_1_134' title='bbox 1186 1674 1213 1735; x_wconf 90' lang='lat' dir='ltr'><strong>si</strong></span> <span class='ocrx_word' id='word_1_135' title='bbox 1234 1676 1396 1757; x_wconf 84' lang='lat' dir='ltr'><strong>principia</strong></span> 
     </span>
     <span class='ocr_line' id='line_1_19' title="bbox 272 1759 1396 1842; baseline 0.002 -20"><span class='ocrx_word' id='word_1_136' title='bbox 272 1775 444 1822; x_wconf 83' lang='lat' dir='ltr'><strong>castrorum</strong></span> <span class='ocrx_word' id='word_1_137' title='bbox 463 1780 617 1836; x_wconf 85' lang='lat' dir='ltr'><strong>cerneres,</strong></span> <span class='ocrx_word' id='word_1_138' title='bbox 632 1773 775 1822; x_wconf 85' lang='lat' dir='ltr'><strong>senatum</strong></span> <span class='ocrx_word' id='word_1_139' title='bbox 796 1775 826 1821; x_wconf 88' lang='lat' dir='ltr'><strong>te</strong></span> <span class='ocrx_word' id='word_1_140' title='bbox 850 1759 981 1842; x_wconf 87' lang='lat' dir='ltr'><strong>alicujus</strong></span> <span class='ocrx_word' id='word_1_141' title='bbox 999 1759 1107 1842; x_wconf 85' lang='lat' dir='ltr'><strong>priscae</strong></span> <span class='ocrx_word' id='word_1_142' title='bbox 1129 1760 1261 1840; x_wconf 87' lang='lat' dir='ltr'><strong>reipubl.</strong></span> <span class='ocrx_word' id='word_1_143' title='bbox 1278 1761 1396 1824; x_wconf 86' lang='lat' dir='ltr'><strong>videre</strong></span> 
     </span>
    </p>
   </div>
   <div class='ocr_carea' id='block_1_4' title="bbox 249 1843 1394 1929">
    <p class='ocr_par' dir='ltr' id='par_1_5' title="bbox 249 1843 1394 1929">
     <span class='ocr_line' id='line_1_20' title="bbox 249 1843 1394 1929; baseline 0 -21"><span class='ocrx_word' id='word_1_144' title='bbox 249 1907 252 1922; x_wconf 77' lang='grc'><strong><em>,</em></strong></span> <span class='ocrx_word' id='word_1_145' title='bbox 271 1845 405 1908; x_wconf 77' lang='lat' dir='ltr'><strong>diceres.</strong></span> <span class='ocrx_word' id='word_1_146' title='bbox 430 1843 541 1926; x_wconf 87' lang='lat' dir='ltr'><strong>Itaque</strong></span> <span class='ocrx_word' id='word_1_147' title='bbox 557 1866 651 1906; x_wconf 87' lang='lat' dir='ltr'><strong>nemo</strong></span> <span class='ocrx_word' id='word_1_148' title='bbox 665 1847 695 1912; x_wconf 89' lang='lat' dir='ltr'><strong>in</strong></span> <span class='ocrx_word' id='word_1_149' title='bbox 712 1845 817 1927; x_wconf 82' lang='lat' dir='ltr'><strong>praelio</strong></span> <span class='ocrx_word' id='word_1_150' title='bbox 833 1844 953 1928; x_wconf 79' lang='lat' dir='ltr'><strong>fugam,</strong></span> <span class='ocrx_word' id='word_1_151' title='bbox 966 1845 1023 1906; x_wconf 84' lang='lat' dir='ltr'><strong>aed</strong></span> <span class='ocrx_word' id='word_1_152' title='bbox 1039 1845 1201 1908; x_wconf 85' lang='lat' dir='ltr'><strong>victoriam</strong></span> <span class='ocrx_word' id='word_1_153' title='bbox 1217 1849 1394 1929; x_wconf 86' lang='lat' dir='ltr'><strong>cogitavit:</strong></span> 
     </span>
    </p>
   </div>
   <div class='ocr_carea' id='block_1_5' title="bbox 271 1927 1396 2188">
    <p class='ocr_par' dir='ltr' id='par_1_6' title="bbox 271 1927 1396 2188">
     <span class='ocr_line' id='line_1_21' title="bbox 271 1927 1396 2012; baseline 0.004 -18"><span class='ocrx_word' id='word_1_154' title='bbox 271 1951 330 1994; x_wconf 89' lang='lat' dir='ltr'><strong>nec</strong></span> <span class='ocrx_word' id='word_1_155' title='bbox 345 1930 522 2012; x_wconf 79' lang='lat' dir='ltr'><strong>inpeditius</strong></span> <span class='ocrx_word' id='word_1_156' title='bbox 546 1930 692 2010; x_wconf 86' lang='lat' dir='ltr'><strong>cuiquam</strong></span> <span class='ocrx_word' id='word_1_157' title='bbox 716 1951 797 2012; x_wconf 78' lang='lat' dir='ltr'><strong>spes,</strong></span> <span class='ocrx_word' id='word_1_158' title='bbox 812 1932 870 1998; x_wconf 85' lang='lat' dir='ltr'><strong>sed</strong></span> <span class='ocrx_word' id='word_1_159' title='bbox 892 1931 923 1992; x_wconf 89' lang='lat' dir='ltr'><strong>in</strong></span> <span class='ocrx_word' id='word_1_160' title='bbox 941 1932 1064 1993; x_wconf 83' lang='lat' dir='ltr'><strong>lacertis</strong></span> <span class='ocrx_word' id='word_1_161' title='bbox 1080 1931 1150 1994; x_wconf 85' lang='lat' dir='ltr'><strong>fuit.</strong></span> <span class='ocrx_word' id='word_1_162' title='bbox 1195 1927 1314 1994; x_wconf 71' lang='lat' dir='ltr'><strong>Contrd</strong></span> <span class='ocrx_word' id='word_1_163' title='bbox 1332 1953 1396 1998; x_wconf 82' lang='lat' dir='ltr'><strong>rex</strong></span> 
     </span>
     <span class='ocr_line' id='line_1_22' title="bbox 272 2013 1395 2100; baseline 0.004 -24"><span class='ocrx_word' id='word_1_164' title='bbox 272 2016 436 2078; x_wconf 84' lang='lat' dir='ltr'>Persarum</span> <span class='ocrx_word' id='word_1_165' title='bbox 456 2014 584 2088; x_wconf 86' lang='lat' dir='ltr'><strong>Darius,</strong></span> <span class='ocrx_word' id='word_1_166' title='bbox 601 2015 713 2075; x_wconf 67' lang='lat' dir='ltr'><strong>fiducie</strong></span> <span class='ocrx_word' id='word_1_167' title='bbox 727 2013 856 2090; x_wconf 84' lang='lat' dir='ltr'><strong>virium,</strong></span> <span class='ocrx_word' id='word_1_168' title='bbox 875 2015 919 2076; x_wconf 90' lang='lat' dir='ltr'><strong>nil</strong></span> <span class='ocrx_word' id='word_1_169' title='bbox 935 2025 1003 2078; x_wconf 85' lang='lat' dir='ltr'><strong>astu</strong></span> <span class='ocrx_word' id='word_1_170' title='bbox 1022 2034 1125 2099; x_wconf 81' lang='lat' dir='ltr'><strong>agere,</strong></span> <span class='ocrx_word' id='word_1_171' title='bbox 1140 2017 1293 2090; x_wconf 83' lang='lat' dir='ltr'><strong>affirmans</strong></span> <span class='ocrx_word' id='word_1_172' title='bbox 1311 2022 1395 2100; x_wconf 82' lang='lat' dir='ltr'><strong>suis,</strong></span> 
     </span>
     <span class='ocr_line' id='line_1_23' title="bbox 272 2099 1394 2188; baseline 0.004 -24"><span class='ocrx_word' id='word_1_173' title='bbox 272 2103 388 2164; x_wconf 78' lang='lat' dir='ltr'><strong>occulta</strong></span> <span class='ocrx_word' id='word_1_174' title='bbox 402 2099 528 2162; x_wconf 78' lang='lat' dir='ltr'><strong>consilia</strong></span> <span class='ocrx_word' id='word_1_175' title='bbox 537 2100 811 2188; x_wconf 78' lang='lat' dir='ltr'><strong>victorioefurtivoe</strong></span> <span class='ocrx_word' id='word_1_176' title='bbox 823 2104 1002 2164; x_wconf 78' lang='lat' dir='ltr'><strong>convenire:</strong></span> <span class='ocrx_word' id='word_1_177' title='bbox 1017 2122 1073 2164; x_wconf 89' lang='lat' dir='ltr'><strong>nee</strong></span> <span class='ocrx_word' id='word_1_178' title='bbox 1085 2103 1206 2165; x_wconf 79' lang='lat' dir='ltr'><strong>hostem</strong></span> <span class='ocrx_word' id='word_1_179' title='bbox 1219 2105 1308 2185; x_wconf 82' lang='lat' dir='ltr'><strong>regni</strong></span> <span class='ocrx_word' id='word_1_180' title='bbox 1320 2105 1394 2168; x_wconf 88' lang='lat' dir='ltr'><strong>fini-</strong></span> 
     </span>
    </p>
   </div>
   <div class='ocr_carea' id='block_1_6' title="bbox 258 2186 1394 2270">
    <p class='ocr_par' dir='ltr' id='par_1_7' title="bbox 258 2186 1394 2270">
     <span class='ocr_line' id='line_1_24' title="bbox 258 2186 1394 2270; baseline 0.007 -22"><span class='ocrx_word' id='word_1_181' title='bbox 258 2187 330 2266; x_wconf 30' lang='lat' dir='ltr'><strong>‚bus</strong></span> <span class='ocrx_word' id='word_1_182' title='bbox 344 2207 460 2262; x_wconf 85' lang='lat' dir='ltr'><strong>arcere,</strong></span> <span class='ocrx_word' id='word_1_183' title='bbox 475 2189 528 2246; x_wconf 87' lang='lat' dir='ltr'><strong>aed</strong></span> <span class='ocrx_word' id='word_1_184' title='bbox 546 2188 592 2248; x_wconf 71' lang='lat' dir='ltr'><strong>‘tn</strong></span> <span class='ocrx_word' id='word_1_185' title='bbox 615 2186 761 2249; x_wconf 86' lang='lat' dir='ltr'><strong>intimum</strong></span> <span class='ocrx_word' id='word_1_186' title='bbox 784 2206 915 2270; x_wconf 82' lang='lat' dir='ltr'><strong>regnum</strong></span> <span class='ocrx_word' id='word_1_187' title='bbox 932 2186 1092 2270; x_wconf 82' lang='lat' dir='ltr'><strong>accipere:</strong></span> <span class='ocrx_word' id='word_1_188' title='bbox 1116 2189 1283 2270; x_wconf 77' lang='lat' dir='ltr'><strong>gloriosilts</strong></span> <span class='ocrx_word' id='word_1_189' title='bbox 1299 2207 1394 2256; x_wconf 83' lang='lat' dir='ltr'><strong>ratus</strong></span> 
     </span>
    </p>
   </div>
   <div class='ocr_carea' id='block_1_7' title="bbox 269 2268 1395 2787">
    <p class='ocr_par' dir='ltr' id='par_1_8' title="bbox 269 2268 1395 2787">
     <span class='ocr_line' id='line_1_25' title="bbox 271 2268 1394 2359; baseline 0.004 -23"><span class='ocrx_word' id='word_1_190' title='bbox 271 2273 421 2354; x_wconf 79' lang='lat' dir='ltr'><strong>repellere</strong></span> <span class='ocrx_word' id='word_1_191' title='bbox 443 2270 571 2348; x_wconf 85' lang='lat' dir='ltr'><strong>bellum,</strong></span> <span class='ocrx_word' id='word_1_192' title='bbox 587 2268 680 2354; x_wconf 69' lang='lat' dir='ltr'><strong>quim</strong></span> <span class='ocrx_word' id='word_1_193' title='bbox 698 2293 758 2336; x_wconf 88' lang='lat' dir='ltr'><strong>non</strong></span> <span class='ocrx_word' id='word_1_194' title='bbox 775 2273 950 2336; x_wconf 82' lang='lat' dir='ltr'><strong>admittere.</strong></span> <span class='ocrx_word' id='word_1_195' title='bbox 996 2275 1100 2334; x_wconf 88' lang='lat' dir='ltr'><strong>Prima</strong></span> <span class='ocrx_word' id='word_1_196' title='bbox 1123 2270 1220 2358; x_wconf 84' lang='lat' dir='ltr'><strong>igitur</strong></span> <span class='ocrx_word' id='word_1_197' title='bbox 1240 2296 1394 2359; x_wconf 82' lang='lat' dir='ltr'><strong>congres-</strong></span> 
     </span>
     <span class='ocr_line' id='line_1_26' title="bbox 272 2357 1395 2440; baseline 0.005 -19"><span class='ocrx_word' id='word_1_198' title='bbox 272 2358 320 2422; x_wconf 89' lang='lat' dir='ltr'><strong>sio</strong></span> <span class='ocrx_word' id='word_1_199' title='bbox 350 2357 394 2430; x_wconf 71' lang='lat' dir='ltr'><strong>‘in</strong></span> <span class='ocrx_word' id='word_1_200' title='bbox 421 2357 539 2440; x_wconf 88' lang='lat' dir='ltr'><strong>campis</strong></span> <span class='ocrx_word' id='word_1_201' title='bbox 568 2359 728 2422; x_wconf 71' lang='lat' dir='ltr'><strong>Adrastia</strong></span> <span class='ocrx_word' id='word_1_202' title='bbox 759 2359 830 2440; x_wconf 60' lang='lat' dir='ltr'><strong>luit,</strong></span> <span class='ocrx_word' id='word_1_203' title='bbox 876 2359 914 2420; x_wconf 92' lang='lat' dir='ltr'><strong>In</strong></span> <span class='ocrx_word' id='word_1_204' title='bbox 941 2359 1006 2420; x_wconf 87' lang='lat' dir='ltr'><strong>acie</strong></span> <span class='ocrx_word' id='word_1_205' title='bbox 1036 2361 1199 2422; x_wconf 81' lang='lat' dir='ltr'><strong>Persarum</strong></span> <span class='ocrx_word' id='word_1_206' title='bbox 1226 2363 1395 2428; x_wconf 79' lang='lat' dir='ltr'><strong>⁶eexcenta</strong></span> 
     </span>
     <span class='ocr_line' id='line_1_27' title="bbox 271 2441 1393 2528; baseline 0.004 -20"><span class='ocrx_word' id='word_1_207' title='bbox 271 2444 370 2508; x_wconf 86' lang='lat' dir='ltr'><strong>millia</strong></span> <span class='ocrx_word' id='word_1_208' title='bbox 396 2441 500 2520; x_wconf 70' lang='lat' dir='ltr'><strong>fuere,</strong></span> <span class='ocrx_word' id='word_1_209' title='bbox 524 2465 592 2525; x_wconf 89' lang='lat' dir='ltr'><strong>quae</strong></span> <span class='ocrx_word' id='word_1_210' title='bbox 619 2465 679 2506; x_wconf 90' lang='lat' dir='ltr'><strong>non</strong></span> <span class='ocrx_word' id='word_1_211' title='bbox 707 2443 813 2508; x_wconf 83' lang='lat' dir='ltr'><strong>mituls</strong></span> <span class='ocrx_word' id='word_1_212' title='bbox 836 2459 899 2507; x_wconf 87' lang='lat' dir='ltr'><strong>arte</strong></span> <span class='ocrx_word' id='word_1_213' title='bbox 918 2445 1127 2516; x_wconf 44' lang='lat' dir='ltr'><strong>‘⁷Alexandri</strong></span> <span class='ocrx_word' id='word_1_214' title='bbox 1154 2444 1247 2528; x_wconf 71' lang='lat' dir='ltr'><strong>quim</strong></span> <span class='ocrx_word' id='word_1_215' title='bbox 1268 2445 1393 2512; x_wconf 85' lang='lat' dir='ltr'><strong>virtute</strong></span> 
     </span>
     <span class='ocr_line' id='line_1_28' title="bbox 273 2515 1393 2616; baseline 0.008 -26"><span class='ocrx_word' id='word_1_216' title='bbox 273 2515 488 2594; x_wconf 80' lang='lat' dir='ltr'><strong>Macedonum</strong></span> <span class='ocrx_word' id='word_1_217' title='bbox 512 2546 655 2612; x_wconf 83' lang='lat' dir='ltr'><strong>superata</strong></span> <span class='ocrx_word' id='word_1_218' title='bbox 678 2533 778 2614; x_wconf 79' lang='lat' dir='ltr'><strong>⁸terga</strong></span> <span class='ocrx_word' id='word_1_219' title='bbox 796 2533 968 2595; x_wconf 73' lang='lat' dir='ltr'><strong>verldrunt.</strong></span> <span class='ocrx_word' id='word_1_220' title='bbox 1014 2531 1135 2614; x_wconf 77' lang='lat' dir='ltr'><strong>Magna</strong></span> <span class='ocrx_word' id='word_1_221' title='bbox 1157 2534 1261 2616; x_wconf 86' lang='lat' dir='ltr'><strong>itaque</strong></span> <span class='ocrx_word' id='word_1_222' title='bbox 1283 2535 1393 2599; x_wconf 77' lang='lat' dir='ltr'><strong>caedes</strong></span> 
     </span>
     <span class='ocr_line' id='line_1_29' title="bbox 269 2611 1391 2700; baseline 0.006 -21"><span class='ocrx_word' id='word_1_223' title='bbox 269 2615 436 2698; x_wconf 73' lang='lat' dir='ltr'><strong>Persarum</strong></span> <span class='ocrx_word' id='word_1_224' title='bbox 454 2611 524 2677; x_wconf 82' lang='lat' dir='ltr'><strong>fuit.</strong></span> <span class='ocrx_word' id='word_1_225' title='bbox 565 2615 615 2678; x_wconf 90' lang='lat' dir='ltr'><strong>De</strong></span> <span class='ocrx_word' id='word_1_226' title='bbox 631 2617 772 2682; x_wconf 83' lang='lat' dir='ltr'><strong>exercitu</strong></span> <span class='ocrx_word' id='word_1_227' title='bbox 790 2617 965 2684; x_wconf 77' lang='lat' dir='ltr'><strong>Alexandri</strong></span> <span class='ocrx_word' id='word_1_228' title='bbox 982 2639 1094 2679; x_wconf 86' lang='lat' dir='ltr'><strong>novem</strong></span> <span class='ocrx_word' id='word_1_229' title='bbox 1111 2621 1391 2700; x_wconf 71' lang='lat' dir='ltr'><strong>pediteaeentum</strong></span> 
     </span>
     <span class='ocr_line' id='line_1_30' title="bbox 271 2700 1391 2787; baseline 0.01 -28"><span class='ocrx_word' id='word_1_230' title='bbox 271 2702 386 2786; x_wconf 80' lang='lat' dir='ltr'><strong>viginti</strong></span> <span class='ocrx_word' id='word_1_231' title='bbox 400 2701 521 2782; x_wconf 85' lang='lat' dir='ltr'><strong>equites</strong></span> <span class='ocrx_word' id='word_1_232' title='bbox 535 2701 715 2766; x_wconf 67' lang='lat' dir='ltr'><strong>”cecideras</strong></span> <span class='ocrx_word' id='word_1_233' title='bbox 738 2723 817 2785; x_wconf 89' lang='lat' dir='ltr'><strong>quos</strong></span> <span class='ocrx_word' id='word_1_234' title='bbox 832 2723 889 2766; x_wconf 85' lang='lat' dir='ltr'><strong>rex</strong></span> <span class='ocrx_word' id='word_1_235' title='bbox 903 2700 1056 2787; x_wconf 68' lang='lat' dir='ltr'><strong>impense,</strong></span> <span class='ocrx_word' id='word_1_236' title='bbox 1072 2707 1112 2770; x_wconf 85' lang='lat' dir='ltr'><strong>ad</strong></span> <span class='ocrx_word' id='word_1_237' title='bbox 1129 2721 1313 2776; x_wconf 75' lang='lat' dir='ltr'><strong>ceterorum</strong></span> <span class='ocrx_word' id='word_1_238' title='bbox 1331 2727 1391 2770; x_wconf 75' lang='lat' dir='ltr'><strong>ex-</strong></span> 
     </span>
    </p>
   </div>
   <div class='ocr_carea' id='block_1_8' title="bbox 705 2933 880 3000">
    <p class='ocr_par' dir='ltr' id='par_1_9' title="bbox 705 2933 880 3000">
     <span class='ocr_line' id='line_1_31' title="bbox 705 2933 880 3000; baseline 0.006 -19"><span class='ocrx_word' id='word_1_239' title='bbox 705 2997 710 3000; x_wconf 34' lang='grc'><strong>,</strong></span> <span class='ocrx_word' id='word_1_240' title='bbox 765 2933 880 2982; x_wconf 72' lang='lat' dir='ltr'><strong>rora.</strong></span> 
     </span>
    </p>
   </div>
   <div class='ocr_carea' id='block_1_9' title="bbox 265 3125 1394 3528">
    <p class='ocr_par' dir='ltr' id='par_1_10' title="bbox 265 3125 1394 3528">
     <span class='ocr_line' id='line_1_32' title="bbox 305 3125 1392 3202; baseline 0.01 -21"><span class='ocrx_word' id='word_1_241' title='bbox 305 3128 492 3194; x_wconf 75' lang='lat' dir='ltr'><strong>lTls‘prulianta&#39;</strong></span> <span class='ocrx_word' id='word_1_242' title='bbox 500 3128 605 3191; x_wconf 62' lang='lat' dir='ltr'><strong>driade}</strong></span> <span class='ocrx_word' id='word_1_243' title='bbox 612 3129 721 3193; x_wconf 75' lang='lat' dir='ltr'><strong>Hastam</strong></span> <span class='ocrx_word' id='word_1_244' title='bbox 729 3125 744 3178; x_wconf 79' lang='grc' dir='ltr'>ἑ</span> <span class='ocrx_word' id='word_1_245' title='bbox 755 3129 822 3194; x_wconf 83' lang='lat' dir='ltr'><strong>navi</strong></span> <span class='ocrx_word' id='word_1_246' title='bbox 837 3130 967 3182; x_wconf 83' lang='lat' dir='ltr'><strong>Granicus</strong></span> <span class='ocrx_word' id='word_1_247' title='bbox 980 3128 1085 3194; x_wconf 76' lang='lat' dir='ltr'><strong>fluvius,</strong></span> <span class='ocrx_word' id='word_1_248' title='bbox 1099 3132 1116 3186; x_wconf 72' lang='grc' dir='ltr'><strong>ὲ</strong></span> <span class='ocrx_word' id='word_1_249' title='bbox 1132 3150 1185 3202; x_wconf 91' lang='lat' dir='ltr'><strong>quo</strong></span> <span class='ocrx_word' id='word_1_250' title='bbox 1198 3134 1248 3184; x_wconf 83' lang='lat' dir='ltr'><strong>lios</strong></span> <span class='ocrx_word' id='word_1_251' title='bbox 1264 3135 1392 3200; x_wconf 82' lang='lat' dir='ltr'><strong>praelium</strong></span> 
     </span>
     <span class='ocr_line' id='line_1_33' title="bbox 265 3193 1092 3276; baseline 0.004 -31"><span class='ocrx_word' id='word_1_252' title='bbox 265 3193 400 3276; x_wconf 77' lang='lat' dir='ltr'><strong>jaculatus</strong></span> <span class='ocrx_word' id='word_1_253' title='bbox 419 3197 521 3246; x_wconf 76' lang='lat' dir='ltr'><strong>desiliit</strong></span> <span class='ocrx_word' id='word_1_254' title='bbox 540 3195 568 3245; x_wconf 90' lang='lat' dir='ltr'><strong>in</strong></span> <span class='ocrx_word' id='word_1_255' title='bbox 586 3205 698 3252; x_wconf 65' lang='lat' dir='ltr'><strong>terram</strong></span> <span class='ocrx_word' id='word_1_256' title='bbox 722 3211 739 3244; x_wconf 82' lang='lat' dir='ltr'><strong>a</strong></span> <span class='ocrx_word' id='word_1_257' title='bbox 757 3199 814 3246; x_wconf 66' lang='lat' dir='ltr'><strong>Diis</strong></span> <span class='ocrx_word' id='word_1_258' title='bbox 836 3196 938 3246; x_wconf 84' lang='lat' dir='ltr'><strong>dicitur</strong></span> <span class='ocrx_word' id='word_1_259' title='bbox 952 3201 1092 3250; x_wconf 74' lang='lat' dir='ltr'><strong>Grauitatis.</strong></span> 
     </span>
     <span class='ocr_line' id='line_1_34' title="bbox 269 3261 1392 3331; baseline 0.01 -18"><span class='ocrx_word' id='word_1_260' title='bbox 269 3263 336 3328; x_wconf 79' lang='lat' dir='ltr'><strong>ipsie</strong></span> <span class='ocrx_word' id='word_1_261' title='bbox 350 3263 441 3312; x_wconf 84' lang='lat' dir='ltr'><strong>Asiam</strong></span> <span class='ocrx_word' id='word_1_262' title='bbox 456 3263 530 3312; x_wconf 78' lang='lat' dir='ltr'><strong>hasta</strong></span> <span class='ocrx_word' id='word_1_263' title='bbox 547 3261 681 3314; x_wconf 80' lang='lat' dir='ltr'><strong>subactam</strong></span> <span class='ocrx_word' id='word_1_264' title='bbox 694 3263 814 3330; x_wconf 87' lang='lat' dir='ltr'><strong>accipere</strong></span> <span class='ocrx_word' id='word_1_265' title='bbox 870 3266 886 3314; x_wconf 83' lang='lat'><strong>6</strong></span> <span class='ocrx_word' id='word_1_266' title='bbox 900 3267 1023 3316; x_wconf 66' lang='lat' dir='ltr'><strong>&amp;ereata</strong></span> <span class='ocrx_word' id='word_1_267' title='bbox 1036 3269 1129 3331; x_wconf 74' lang='lat' dir='ltr'><strong>millia]</strong></span> <span class='ocrx_word' id='word_1_268' title='bbox 1141 3267 1263 3319; x_wconf 80' lang='lat' dir='ltr'><strong>Peditum</strong></span> <span class='ocrx_word' id='word_1_269' title='bbox 1275 3281 1392 3324; x_wconf 80' lang='lat' dir='ltr'><strong>eentum</strong></span> 
     </span>
     <span class='ocr_line' id='line_1_35' title="bbox 269 3329 1394 3403; baseline 0.01 -24"><span class='ocrx_word' id='word_1_270' title='bbox 269 3345 298 3382; x_wconf 87' lang='lat' dir='ltr'><strong>se</strong></span> <span class='ocrx_word' id='word_1_271' title='bbox 313 3329 458 3378; x_wconf 83' lang='lat' dir='ltr'><strong>clamitans.</strong></span> <span class='ocrx_word' id='word_1_272' title='bbox 513 3336 516 3344; x_wconf 86' lang='grc'><strong><em>·</em></strong></span> <span class='ocrx_word' id='word_1_273' title='bbox 831 3331 1030 3392; x_wconf 70' lang='lat' dir='ltr'><strong>milliadeeem</strong></span> <span class='ocrx_word' id='word_1_274' title='bbox 1048 3336 1167 3403; x_wconf 89' lang='lat' dir='ltr'><strong>equitum</strong></span> <span class='ocrx_word' id='word_1_275' title='bbox 1191 3335 1275 3386; x_wconf 79' lang='lat' dir='ltr'><strong>millia</strong></span> <span class='ocrx_word' id='word_1_276' title='bbox 1292 3353 1394 3390; x_wconf 87' lang='lat' dir='ltr'><strong>nume·</strong></span> 
     </span>
     <span class='ocr_line' id='line_1_36' title="bbox 303 3394 1393 3470; baseline 0.012 -24"><span class='ocrx_word' id='word_1_277' title='bbox 303 3397 319 3446; x_wconf 82' lang='lat'>2</span> <span class='ocrx_word' id='word_1_278' title='bbox 332 3395 453 3458; x_wconf 70' lang='lat' dir='ltr'><strong>[ferrum]</strong></span> <span class='ocrx_word' id='word_1_279' title='bbox 469 3395 588 3457; x_wconf 79' lang='lat' dir='ltr'><strong>Achillis,</strong></span> <span class='ocrx_word' id='word_1_280' title='bbox 601 3394 700 3462; x_wconf 78' lang='lat' dir='ltr'><strong>Ajacis,</strong></span> <span class='ocrx_word' id='word_1_281' title='bbox 711 3403 740 3446; x_wconf 89' lang='lat' dir='ltr'><strong>et</strong></span> <span class='ocrx_word' id='word_1_282' title='bbox 752 3396 815 3449; x_wconf 90' lang='lat' dir='ltr'><strong>alio·</strong></span> <span class='ocrx_word' id='word_1_283' title='bbox 836 3408 893 3448; x_wconf 85' lang='lat' dir='ltr'><strong>rent</strong></span> <span class='ocrx_word' id='word_1_284' title='bbox 906 3399 984 3466; x_wconf 50' lang='lat' dir='ltr'><strong>‘bene</strong></span> <span class='ocrx_word' id='word_1_285' title='bbox 995 3401 1088 3452; x_wconf 85' lang='lat' dir='ltr'><strong>multi:</strong></span> <span class='ocrx_word' id='word_1_286' title='bbox 1106 3403 1226 3470; x_wconf 86' lang='lat' dir='ltr'><strong>equitum</strong></span> <span class='ocrx_word' id='word_1_287' title='bbox 1245 3405 1278 3456; x_wconf 83' lang='lat'><strong>20</strong></span> <span class='ocrx_word' id='word_1_288' title='bbox 1297 3405 1393 3459; x_wconf 81' lang='lat' dir='ltr'><strong>millia</strong></span> 
     </span>
     <span class='ocr_line' id='line_1_37' title="bbox 267 3463 1100 3528; baseline 0.008 -16"><span class='ocrx_word' id='word_1_289' title='bbox 267 3464 410 3528; x_wconf 82' lang='lat' dir='ltr'><strong>rtim,quos</strong></span> <span class='ocrx_word' id='word_1_290' title='bbox 417 3463 536 3515; x_wconf 78' lang='lat' dir='ltr'><strong>versibus</strong></span> <span class='ocrx_word' id='word_1_291' title='bbox 541 3463 599 3514; x_wconf 82' lang='lat' dir='ltr'><strong>&#39;suis</strong></span> <span class='ocrx_word' id='word_1_292' title='bbox 609 3467 738 3516; x_wconf 84' lang='lat' dir='ltr'><strong>Homerus</strong></span> <span class='ocrx_word' id='word_1_293' title='bbox 745 3479 815 3516; x_wconf 79' lang='lat' dir='ltr'><strong>com·</strong></span> <span class='ocrx_word' id='word_1_294' title='bbox 837 3476 956 3516; x_wconf 78' lang='lat' dir='ltr'><strong>recenset</strong></span> <span class='ocrx_word' id='word_1_295' title='bbox 966 3469 1100 3520; x_wconf 77' lang='lat' dir='ltr'><strong>Arrianus.</strong></span> 
     </span>
    </p>
   </div>
   <div class='ocr_carea' id='block_1_10' title="bbox 231 3531 1394 3732">
    <p class='ocr_par' dir='ltr' id='par_1_11' title="bbox 231 3531 1394 3732">
     <span class='ocr_line' id='line_1_38' title="bbox 231 3531 1391 3600; baseline 0.008 -20"><span class='ocrx_word' id='word_1_296' title='bbox 231 3554 234 3558; x_wconf 85' lang='grc'><em>·</em></span> <span class='ocrx_word' id='word_1_297' title='bbox 268 3531 409 3580; x_wconf 77' lang='lat' dir='ltr'><strong>mesdavit.</strong></span> <span class='ocrx_word' id='word_1_298' title='bbox 808 3581 810 3588; x_wconf 92' lang='grc'>,</span> <span class='ocrx_word' id='word_1_299' title='bbox 867 3535 884 3586; x_wconf 86' lang='grc'><em>7</em></span> <span class='ocrx_word' id='word_1_300' title='bbox 905 3535 1068 3599; x_wconf 67' lang='lat' dir='ltr'><strong>Alexandra]</strong></span> <span class='ocrx_word' id='word_1_301' title='bbox 1092 3535 1143 3592; x_wconf 83' lang='lat' dir='ltr'><strong>Qui</strong></span> <span class='ocrx_word' id='word_1_302' title='bbox 1165 3537 1264 3600; x_wconf 87' lang='lat' dir='ltr'><strong>primus</strong></span> <span class='ocrx_word' id='word_1_303' title='bbox 1287 3537 1391 3590; x_wconf 83' lang='lat' dir='ltr'><strong>hostes</strong></span> 
     </span>
     <span class='ocr_line' id='line_1_39' title="bbox 241 3595 1394 3670; baseline 0.008 -24"><span class='ocrx_word' id='word_1_304' title='bbox 241 3635 242 3638; x_wconf 17' lang='grc' dir='ltr'>η</span> <span class='ocrx_word' id='word_1_305' title='bbox 303 3597 319 3646; x_wconf 81' lang='grc'><strong>3</strong></span> <span class='ocrx_word' id='word_1_306' title='bbox 332 3611 386 3646; x_wconf 84' lang='lat' dir='ltr'><strong>xxx</strong></span> <span class='ocrx_word' id='word_1_307' title='bbox 399 3601 445 3648; x_wconf 80' lang='lat' dir='ltr'><strong>dae</strong></span> <span class='ocrx_word' id='word_1_308' title='bbox 456 3595 555 3660; x_wconf 70' lang='lat' dir='ltr'><strong>millia]</strong></span> <span class='ocrx_word' id='word_1_309' title='bbox 573 3597 696 3648; x_wconf 86' lang='lat' dir='ltr'><strong>Peditum</strong></span> <span class='ocrx_word' id='word_1_310' title='bbox 713 3599 747 3652; x_wconf 89' lang='grc'><strong>30</strong></span> <span class='ocrx_word' id='word_1_311' title='bbox 758 3595 814 3650; x_wconf 86' lang='lat' dir='ltr'><strong>mil·</strong></span> <span class='ocrx_word' id='word_1_312' title='bbox 827 3600 915 3652; x_wconf 72' lang='lat' dir='ltr'><strong>vertit</strong></span> <span class='ocrx_word' id='word_1_313' title='bbox 924 3601 951 3650; x_wconf 89' lang='lat' dir='ltr'><strong>in</strong></span> <span class='ocrx_word' id='word_1_314' title='bbox 962 3597 1061 3668; x_wconf 80' lang='lat' dir='ltr'><strong>fugam,</strong></span> <span class='ocrx_word' id='word_1_315' title='bbox 1073 3603 1321 3670; x_wconf 82' lang='lat' dir='ltr'><strong>Spitlirobatemque</strong></span> <span class='ocrx_word' id='word_1_316' title='bbox 1336 3609 1394 3658; x_wconf 83' lang='lat' dir='ltr'><strong>Da.</strong></span> 
     </span>
     <span class='ocr_line' id='line_1_40' title="bbox 252 3661 1391 3732; baseline 0.014 -22"><span class='ocrx_word' id='word_1_317' title='bbox 252 3691 254 3694; x_wconf 95' lang='lat'>-</span> <span class='ocrx_word' id='word_1_318' title='bbox 267 3661 444 3728; x_wconf 79' lang='lat' dir='ltr'><strong>lia‚&#39;eqir·itum</strong></span> <span class='ocrx_word' id='word_1_319' title='bbox 459 3668 476 3714; x_wconf 82' lang='lat'><em>5</em></span> <span class='ocrx_word' id='word_1_320' title='bbox 488 3665 569 3714; x_wconf 85' lang='lat' dir='ltr'><strong>millia</strong></span> <span class='ocrx_word' id='word_1_321' title='bbox 578 3674 698 3714; x_wconf 82' lang='lat' dir='ltr'><strong>numerat</strong></span> <span class='ocrx_word' id='word_1_322' title='bbox 710 3667 814 3716; x_wconf 81' lang='lat' dir='ltr'><strong>Arrian.</strong></span> <span class='ocrx_word' id='word_1_323' title='bbox 834 3667 866 3716; x_wconf 88' lang='lat' dir='ltr'><strong>rii</strong></span> <span class='ocrx_word' id='word_1_324' title='bbox 874 3683 1000 3732; x_wconf 78' lang='lat' dir='ltr'><strong>generum</strong></span> <span class='ocrx_word' id='word_1_325' title='bbox 1008 3669 1286 3727; x_wconf 75' lang='lat' dir='ltr'><strong>examiaefortitudinis</strong></span> <span class='ocrx_word' id='word_1_326' title='bbox 1295 3673 1391 3726; x_wconf 85' lang='lat' dir='ltr'><strong>virum</strong></span> 
     </span>
    </p>
   </div>
   <div class='ocr_carea' id='block_1_11' title="bbox 186 3729 1392 3806">
    <p class='ocr_par' dir='ltr' id='par_1_12' title="bbox 186 3729 1392 3806">
     <span class='ocr_line' id='line_1_41' title="bbox 186 3729 1392 3806; baseline 0.012 -26"><span class='ocrx_word' id='word_1_327' title='bbox 186 3767 194 3780; x_wconf 79' lang='grc'>.</span> <span class='ocrx_word' id='word_1_328' title='bbox 267 3729 405 3796; x_wconf 80' lang='lat' dir='ltr'><strong>additque,</strong></span> <span class='ocrx_word' id='word_1_329' title='bbox 417 3734 613 3784; x_wconf 78' lang='lat' dir='ltr'><strong>Parmenionem</strong></span> <span class='ocrx_word' id='word_1_330' title='bbox 630 3729 692 3785; x_wconf 84' lang='lat' dir='ltr'><strong>edm</strong></span> <span class='ocrx_word' id='word_1_331' title='bbox 706 3734 755 3784; x_wconf 80' lang='lat'><strong>160</strong></span> <span class='ocrx_word' id='word_1_332' title='bbox 767 3735 814 3783; x_wconf 89' lang='lat' dir='ltr'><strong>tri·</strong></span> <span class='ocrx_word' id='word_1_333' title='bbox 834 3737 955 3798; x_wconf 85' lang='lat' dir='ltr'><strong>peremit,</strong></span> <span class='ocrx_word' id='word_1_334' title='bbox 973 3731 989 3786; x_wconf 80' lang='lat' dir='ltr'><strong>d</strong></span> <span class='ocrx_word' id='word_1_335' title='bbox 1005 3751 1059 3803; x_wconf 88' lang='lat' dir='ltr'><strong>quo·</strong></span> <span class='ocrx_word' id='word_1_336' title='bbox 1076 3737 1125 3788; x_wconf 90' lang='lat' dir='ltr'><strong>nisi</strong></span> <span class='ocrx_word' id='word_1_337' title='bbox 1138 3737 1223 3788; x_wconf 85' lang='lat' dir='ltr'><strong>Clitus</strong></span> <span class='ocrx_word' id='word_1_338' title='bbox 1240 3737 1392 3806; x_wconf 78' lang='lat' dir='ltr'><strong>adfuisset,</strong></span> 
     </span>
    </p>
   </div>
   <div class='ocr_carea' id='block_1_12' title="bbox 264 3797 1394 4534">
    <p class='ocr_par' dir='ltr' id='par_1_13' title="bbox 267 3797 1009 3866">
     <span class='ocr_line' id='line_1_42' title="bbox 267 3797 1009 3866; baseline 0.007 -20"><span class='ocrx_word' id='word_1_339' title='bbox 267 3797 384 3846; x_wconf 77' lang='lat' dir='ltr'><strong>semibus</strong></span> <span class='ocrx_word' id='word_1_340' title='bbox 398 3798 423 3857; x_wconf 86' lang='lat' dir='ltr'><strong>in</strong></span> <span class='ocrx_word' id='word_1_341' title='bbox 437 3801 527 3851; x_wconf 79' lang='lat' dir='ltr'><strong>Asiam</strong></span> <span class='ocrx_word' id='word_1_342' title='bbox 541 3797 689 3866; x_wconf 82' lang='lat' dir='ltr'><strong>trajecisse,</strong></span> <span class='ocrx_word' id='word_1_343' title='bbox 702 3801 814 3850; x_wconf 78' lang='lat' dir='ltr'><strong>Alexan·</strong></span> <span class='ocrx_word' id='word_1_344' title='bbox 833 3800 937 3852; x_wconf 85' lang='lat' dir='ltr'><strong>occisus</strong></span> <span class='ocrx_word' id='word_1_345' title='bbox 947 3805 1009 3855; x_wconf 74' lang='lat' dir='ltr'><strong>erat</strong></span> 
     </span>
    </p>

    <p class='ocr_par' dir='ltr' id='par_1_14' title="bbox 268 3863 1393 3938">
     <span class='ocr_line' id='line_1_43' title="bbox 268 3863 1393 3938; baseline 0.014 -24"><span class='ocrx_word' id='word_1_346' title='bbox 268 3863 344 3914; x_wconf 86' lang='lat' dir='ltr'><strong>dium</strong></span> <span class='ocrx_word' id='word_1_347' title='bbox 356 3863 417 3915; x_wconf 86' lang='lat' dir='ltr'><strong>verd</strong></span> <span class='ocrx_word' id='word_1_348' title='bbox 430 3881 491 3916; x_wconf 89' lang='lat' dir='ltr'><strong>eum</strong></span> <span class='ocrx_word' id='word_1_349' title='bbox 506 3868 539 3917; x_wconf 85' lang='lat'><strong>53</strong></span> <span class='ocrx_word' id='word_1_350' title='bbox 551 3865 661 3917; x_wconf 82' lang='lat' dir='ltr'><strong>naribus</strong></span> <span class='ocrx_word' id='word_1_351' title='bbox 671 3867 768 3935; x_wconf 74' lang='lat' dir='ltr'><strong>longis,</strong></span> <span class='ocrx_word' id='word_1_352' title='bbox 780 3886 814 3918; x_wconf 73' lang='lat' dir='ltr'><strong>err</strong></span> <span class='ocrx_word' id='word_1_353' title='bbox 867 3869 885 3922; x_wconf 77' lang='lat'>8</span> <span class='ocrx_word' id='word_1_354' title='bbox 897 3871 982 3936; x_wconf 76' lang='lat' dir='ltr'><strong>Terga</strong></span> <span class='ocrx_word' id='word_1_355' title='bbox 991 3870 1139 3934; x_wconf 67' lang='lat' dir='ltr'><strong>verterunt]</strong></span> <span class='ocrx_word' id='word_1_356' title='bbox 1162 3871 1260 3938; x_wconf 76' lang='lat' dir='ltr'><strong>ln&#39;ipsn</strong></span> <span class='ocrx_word' id='word_1_357' title='bbox 1273 3873 1393 3930; x_wconf 72' lang='lat' dir='ltr'><strong>Grenici</strong></span> 
     </span>
    </p>

    <p class='ocr_par' dir='ltr' id='par_1_15' title="bbox 266 3933 1394 4068">
     <span class='ocr_line' id='line_1_44' title="bbox 266 3933 1394 3997; baseline 0.012 -16"><span class='ocrx_word' id='word_1_358' title='bbox 266 3933 358 3984; x_wconf 56' lang='lat' dir='ltr'><strong>Diodu</strong></span> <span class='ocrx_word' id='word_1_359' title='bbox 455 3967 456 3970; x_wconf 20' lang='grc' dir='ltr'><strong>κ</strong></span> <span class='ocrx_word' id='word_1_360' title='bbox 581 3993 583 3997; x_wconf 28' lang='grc' dir='ltr'>Ι</span> <span class='ocrx_word' id='word_1_361' title='bbox 833 3935 946 3996; x_wconf 77' lang='lat' dir='ltr'><strong>transitu</strong></span> <span class='ocrx_word' id='word_1_362' title='bbox 956 3953 1016 3986; x_wconf 85' lang='lat' dir='ltr'><strong>acre</strong></span> <span class='ocrx_word' id='word_1_363' title='bbox 1027 3951 1158 3994; x_wconf 79' lang='lat' dir='ltr'><strong>eet-tamen</strong></span> <span class='ocrx_word' id='word_1_364' title='bbox 1166 3934 1248 3990; x_wconf 80' lang='lat' dir='ltr'><strong>fuisse</strong></span> <span class='ocrx_word' id='word_1_365' title='bbox 1259 3943 1394 3997; x_wconf 83' lang='lat' dir='ltr'><strong>scribunt</strong></span> 
     </span>
     <span class='ocr_line' id='line_1_45' title="bbox 300 3997 1394 4068; baseline 0.007 -20"><span class='ocrx_word' id='word_1_366' title='bbox 300 4001 318 4048; x_wconf 82' lang='lat'><em>4</em></span> <span class='ocrx_word' id='word_1_367' title='bbox 340 4000 503 4068; x_wconf 73' lang='lat' dir='ltr'><strong>Iniuriarum</strong></span> <span class='ocrx_word' id='word_1_368' title='bbox 526 3997 652 4068; x_wconf 75' lang='lat' dir='ltr'><strong>regnum]</strong></span> <span class='ocrx_word' id='word_1_369' title='bbox 678 3999 811 4050; x_wconf 82' lang='lat' dir='ltr'><strong>Suadebat</strong></span> <span class='ocrx_word' id='word_1_370' title='bbox 833 4004 935 4052; x_wconf 70' lang='lat' dir='ltr'><strong>Arrius.</strong></span> <span class='ocrx_word' id='word_1_371' title='bbox 948 4016 973 4053; x_wconf 84' lang='lat' dir='ltr'><strong>et</strong></span> <span class='ocrx_word' id='word_1_372' title='bbox 986 4007 1114 4054; x_wconf 74' lang='lat' dir='ltr'><strong>Plutarch.</strong></span> <span class='ocrx_word' id='word_1_373' title='bbox 1132 4005 1180 4056; x_wconf 85' lang='lat' dir='ltr'><strong>sed</strong></span> <span class='ocrx_word' id='word_1_374' title='bbox 1193 4003 1308 4058; x_wconf 83' lang='lat' dir='ltr'><strong>affirmat</strong></span> <span class='ocrx_word' id='word_1_375' title='bbox 1321 4013 1394 4064; x_wconf 84' lang='lat' dir='ltr'><strong>Dio.</strong></span> 
     </span>
    </p>

    <p class='ocr_par' dir='ltr' id='par_1_16' title="bbox 266 4065 1391 4139">
     <span class='ocr_line' id='line_1_46' title="bbox 266 4065 1391 4139; baseline 0.013 -25"><span class='ocrx_word' id='word_1_376' title='bbox 266 4066 392 4115; x_wconf 84' lang='lat' dir='ltr'><strong>Memnon</strong></span> <span class='ocrx_word' id='word_1_377' title='bbox 413 4066 712 4124; x_wconf 76' lang='lat' dir='ltr'><strong>Rhodius,r1tvastatis</strong></span> <span class='ocrx_word' id='word_1_378' title='bbox 731 4065 810 4131; x_wconf 73' lang='lat' dir='ltr'><strong>longe*</strong></span> <span class='ocrx_word' id='word_1_379' title='bbox 831 4067 889 4119; x_wconf 89' lang='lat' dir='ltr'><strong>dor.</strong></span> <span class='ocrx_word' id='word_1_380' title='bbox 907 4071 1085 4136; x_wconf 71' lang='lat' dir='ltr'><strong>Alexandrum</strong></span> <span class='ocrx_word' id='word_1_381' title='bbox 1100 4070 1180 4123; x_wconf 88' lang='lat' dir='ltr'><strong>fluvio</strong></span> <span class='ocrx_word' id='word_1_382' title='bbox 1199 4073 1247 4124; x_wconf 89' lang='lat' dir='ltr'><strong>sub</strong></span> <span class='ocrx_word' id='word_1_383' title='bbox 1265 4078 1391 4139; x_wconf 83' lang='lat' dir='ltr'><strong>primam</strong></span> 
     </span>
    </p>

    <p class='ocr_par' dir='ltr' id='par_1_17' title="bbox 265 4129 1394 4200">
     <span class='ocr_line' id='line_1_47' title="bbox 265 4129 1394 4200; baseline 0.019 -21"><span class='ocrx_word' id='word_1_384' title='bbox 265 4129 376 4199; x_wconf 70' lang='lat' dir='ltr'><strong>lateque</strong></span> <span class='ocrx_word' id='word_1_385' title='bbox 388 4133 469 4197; x_wconf 75' lang='lat' dir='ltr'><strong>agris,</strong></span> <span class='ocrx_word' id='word_1_386' title='bbox 480 4148 512 4183; x_wconf 87' lang='lat' dir='ltr'><strong>ne</strong></span> <span class='ocrx_word' id='word_1_387' title='bbox 530 4133 682 4184; x_wconf 78' lang='lat' dir='ltr'><strong>Alexander</strong></span> <span class='ocrx_word' id='word_1_388' title='bbox 697 4133 811 4184; x_wconf 86' lang='lat' dir='ltr'><strong>ulterius</strong></span> <span class='ocrx_word' id='word_1_389' title='bbox 831 4135 886 4186; x_wconf 89' lang='lat' dir='ltr'><strong>diei</strong></span> <span class='ocrx_word' id='word_1_390' title='bbox 900 4137 986 4188; x_wconf 87' lang='lat' dir='ltr'><strong>luceru</strong></span> <span class='ocrx_word' id='word_1_391' title='bbox 995 4139 1153 4192; x_wconf 82' lang='lat' dir='ltr'><strong>transmisso</strong></span> <span class='ocrx_word' id='word_1_392' title='bbox 1164 4141 1248 4191; x_wconf 82' lang='lat' dir='ltr'><strong>aciem</strong></span> <span class='ocrx_word' id='word_1_393' title='bbox 1262 4143 1394 4200; x_wconf 80' lang='lat' dir='ltr'><strong>instrux-</strong></span> 
     </span>
    </p>

    <p class='ocr_par' dir='ltr' id='par_1_18' title="bbox 265 4199 893 4264">
     <span class='ocr_line' id='line_1_48' title="bbox 265 4199 893 4264; baseline 0.014 -19"><span class='ocrx_word' id='word_1_394' title='bbox 265 4200 481 4264; x_wconf 78' lang='lat' dir='ltr'><strong>progrederetur,</strong></span> <span class='ocrx_word' id='word_1_395' title='bbox 490 4208 575 4251; x_wconf 82' lang='lat' dir='ltr'><strong>totam</strong></span> <span class='ocrx_word' id='word_1_396' title='bbox 586 4199 648 4250; x_wconf 90' lang='lat' dir='ltr'><strong>belli</strong></span> <span class='ocrx_word' id='word_1_397' title='bbox 657 4199 751 4250; x_wconf 85' lang='lat' dir='ltr'><strong>malent</strong></span> <span class='ocrx_word' id='word_1_398' title='bbox 763 4201 812 4250; x_wconf 71' lang='lat' dir='ltr'><strong>Da-</strong></span> <span class='ocrx_word' id='word_1_399' title='bbox 833 4203 893 4254; x_wconf 85' lang='lat' dir='ltr'><strong>isse.</strong></span> 
     </span>
    </p>

    <p class='ocr_par' dir='ltr' id='par_1_19' title="bbox 266 4263 1393 4346">
     <span class='ocr_line' id='line_1_49' title="bbox 266 4263 1393 4346; baseline 0.018 -32"><span class='ocrx_word' id='word_1_400' title='bbox 266 4267 322 4314; x_wconf 87' lang='lat' dir='ltr'><strong>rins</strong></span> <span class='ocrx_word' id='word_1_401' title='bbox 343 4267 368 4313; x_wconf 90' lang='lat' dir='ltr'><strong>in</strong></span> <span class='ocrx_word' id='word_1_402' title='bbox 386 4269 516 4334; x_wconf 74' lang='lat' dir='ltr'><strong>Europam</strong></span> <span class='ocrx_word' id='word_1_403' title='bbox 539 4274 743 4332; x_wconf 79' lang='lat' dir='ltr'><strong>transportaret:</strong></span> <span class='ocrx_word' id='word_1_404' title='bbox 763 4269 810 4319; x_wconf 90' lang='lat' dir='ltr'><strong>sed</strong></span> <span class='ocrx_word' id='word_1_405' title='bbox 865 4263 1026 4334; x_wconf 62' lang='lat' dir='ltr'><strong>wermere]</strong></span> <span class='ocrx_word' id='word_1_406' title='bbox 1039 4273 1160 4324; x_wconf 82' lang='lat' dir='ltr'><strong>Peditum</strong></span> <span class='ocrx_word' id='word_1_407' title='bbox 1173 4273 1267 4332; x_wconf 72' lang='lat' dir='ltr'><strong>decem</strong></span> <span class='ocrx_word' id='word_1_408' title='bbox 1285 4279 1393 4346; x_wconf 81' lang='lat' dir='ltr'><strong>millia,</strong></span> 
     </span>
    </p>

    <p class='ocr_par' dir='ltr' id='par_1_20' title="bbox 265 4334 1392 4420">
     <span class='ocr_line' id='line_1_50' title="bbox 265 4334 1392 4420; baseline 0.012 -38"><span class='ocrx_word' id='word_1_409' title='bbox 265 4335 396 4382; x_wconf 79' lang='lat' dir='ltr'><strong>contraria</strong></span> <span class='ocrx_word' id='word_1_410' title='bbox 407 4336 574 4403; x_wconf 72' lang='lat' dir='ltr'><strong>satraparum</strong></span> <span class='ocrx_word' id='word_1_411' title='bbox 587 4335 720 4386; x_wconf 82' lang='lat' dir='ltr'><strong>sententia</strong></span> <span class='ocrx_word' id='word_1_412' title='bbox 728 4334 809 4393; x_wconf 71' lang='lat' dir='ltr'><strong>visite</strong></span> <span class='ocrx_word' id='word_1_413' title='bbox 830 4335 884 4388; x_wconf 86' lang='lat' dir='ltr'><strong>duo</strong></span> <span class='ocrx_word' id='word_1_414' title='bbox 896 4339 1012 4403; x_wconf 90' lang='lat' dir='ltr'><strong>equitum</strong></span> <span class='ocrx_word' id='word_1_415' title='bbox 1024 4342 1137 4405; x_wconf 77' lang='lat' dir='ltr'><strong>periere,</strong></span> <span class='ocrx_word' id='word_1_416' title='bbox 1148 4340 1239 4396; x_wconf 86' lang='lat' dir='ltr'><strong>hostes</strong></span> <span class='ocrx_word' id='word_1_417' title='bbox 1250 4345 1308 4398; x_wconf 79' lang='lat' dir='ltr'><strong>riri</strong></span> <span class='ocrx_word' id='word_1_418' title='bbox 1321 4363 1392 4420; x_wconf 74' lang='lat' dir='ltr'><strong>cap.</strong></span> 
     </span>
    </p>

    <p class='ocr_par' dir='ltr' id='par_1_21' title="bbox 264 4400 1152 4534">
     <span class='ocr_line' id='line_1_51' title="bbox 264 4400 1152 4469; baseline 0.009 -21"><span class='ocrx_word' id='word_1_419' title='bbox 264 4404 398 4450; x_wconf 83' lang='lat' dir='ltr'><strong>utcontra</strong></span> <span class='ocrx_word' id='word_1_420' title='bbox 410 4402 568 4451; x_wconf 81' lang='lat' dir='ltr'><strong>Macedonas</strong></span> <span class='ocrx_word' id='word_1_421' title='bbox 581 4400 760 4453; x_wconf 82' lang='lat' dir='ltr'><strong>dimicaretur.</strong></span> <span class='ocrx_word' id='word_1_422' title='bbox 831 4403 852 4456; x_wconf 87' lang='lat' dir='ltr'><strong>ti</strong></span> <span class='ocrx_word' id='word_1_423' title='bbox 861 4413 924 4458; x_wconf 85' lang='lat' dir='ltr'><strong>sunt</strong></span> <span class='ocrx_word' id='word_1_424' title='bbox 935 4403 1004 4461; x_wconf 57' lang='lat' dir='ltr'><strong>ultr&amp;</strong></span> <span class='ocrx_word' id='word_1_425' title='bbox 1017 4409 1050 4469; x_wconf 79' lang='lat'><strong>20</strong></span> <span class='ocrx_word' id='word_1_426' title='bbox 1061 4407 1152 4460; x_wconf 84' lang='lat' dir='ltr'><strong>millia.</strong></span> 
     </span>
     <span class='ocr_line' id='line_1_52' title="bbox 299 4466 1019 4534; baseline 0.01 -16"><span class='ocrx_word' id='word_1_427' title='bbox 299 4466 621 4534; x_wconf 62' lang='lat' dir='ltr'><strong>distemperantiam]</strong></span> <span class='ocrx_word' id='word_1_428' title='bbox 642 4472 715 4532; x_wconf 77' lang='lat' dir='ltr'><strong>Quos</strong></span> <span class='ocrx_word' id='word_1_429' title='bbox 733 4468 808 4528; x_wconf 78' lang='lat' dir='ltr'><strong>aluit</strong></span> <span class='ocrx_word' id='word_1_430' title='bbox 1015 4485 1019 4494; x_wconf 88' lang='lat'><em>·</em></span> 
     </span>
    </p>
   </div>
   <div class='ocr_carea' id='block_1_13' title="bbox 0 0 1452 4920">
    <p class='ocr_par' dir='ltr' id='par_1_22' title="bbox 0 0 1452 4920">
     <span class='ocr_line' id='line_1_53' title="bbox 0 0 1452 4920; baseline 0 2"><span class='ocrx_word' id='word_1_431' title='bbox 0 0 1452 4920; x_wconf 95' lang='lat' dir='ltr'><strong> </strong></span> 
     </span>
    </p>
   </div>
  </div>
 </body>
</html>
