2894 4920
405 201 587 344 arsur.
632 217 848 338 canrvf„

58 430 118 490 deo
133 423 298 506 accepisse,
306 411 344 486 in
359 420 448 509 cujus
463 425 587 506 gemmei
602 421 733 486 anchora
749 424 879 506 ¹sculpta
894 437 994 487 esset:
1007 424 1156 510 justaque

58 513 173 574 donum
191 509 365 590 lilio,quem
382 514 562 591 peperisset,
573 511 658 572 dare.
684 511 912 574 Admirabilem
930 509 1001 572 lecit
1017 512 1095 572 ltttnc
1109 512 1156 574 vi·

58 615 126 658 sum
148 611 179 658 et
195 598 313 668 anulus,
330 597 383 676 qui
398 595 598 678 posteritdie,
611 597 752 678 ejusdem
769 599 943 679 sculptura,
964 597 1089 659 inlecto
1111 599 1157 660 in·
1206 599 1208 604 ’

57 697 168 762 ventus
188 673 244 755 e'st,
259 697 290 742 et
306 682 403 764 figura
419 682 571 754 anchorae,
582 692 665 763 ἔφη
682 681 711 744 in
728 683 846 744 semote
864 682 987 744 Seleuci
1001 697 1070 754 nata
1085 703 1158 744 cunt

57 769 126 849 ipso
141 767 267 851 parvulo
283 765 351 830 luit.
399 766 612 840 Quamobrem
628 769 767 830 Laudice
780 769 904 830 anulum
923 767 1159 841 Seleuco,·eunti

57 875 128 916 cum
146 851 328 916 Alexandro
352 853 474 934 Magno
496 855 536 916 ad
560 854 716 916 Persicam
741 855 896 929 militiam,
910 855 1021 916 edocto
1037 855 1076 916 de
1096 853 1159 916 ori·

56 941 127 1020 gine
143 942 207 1012 sui,
219 939 317 1009 dedit.
363 937 430 1000 Ubi
452 955 675 1021 postmortem
694 941 879 1014 Alexandri,
892 957 1041 1022 occupato
1062 959 1160 1024 regno

57 1025 206 1098 Orientis,
229 1025 339 1087 urbem
365 1024 517 1098 condidit,
538 1024 642 1105 ibique
666 1026 795 1106 gemina
817 1025 946 1106 originis
976 1027 1161 1090 memoriam

55 1111 256 1172 consecravit.
292 1109 377 1170 Nam
394 1124 425 1170 et
440 1110 547 1170 urbem
561 1131 601 1170 ex
618 1109 767 1172 Antiochi
782 1111 877 1192 patris
892 1111 1014 1172 nomine
1030 1109 1161 1172 iunctos

55 1193 156 1268 citiam
174 1194 297 1257 vocavit
307 1219 316 1267 ς
339 1211 369 1256 et
389 1215 515 1278 campos
532 1196 649 1256 vicinos
665 1196 745 1270 urbi,
762 1189 901 1277 Apollini
915 1198 1041 1259 dicavit.
1086 1197 1160 1260 Ori·

55 1281 135 1362 ginis
152 1283 223 1364 ejus
239 1296 455 1361 argumentum
472 1281 565 1342 etiam
583 1281 614 1342 in
632 1283 761 1363 posteris
778 1283 908 1344 mansit:
926 1283 1089 1366 Siquidem
1101 1283 1161 1354 ,filii

55 1381 244 1450 nepotesque
260 1367 335 1451 ejus
346 1367 524 1428 ³anchoram
543 1367 573 1428 in
590 1366 720 1442 femore,
736 1368 830 1440 veluti
845 1383 948 1430 notam
966 1369 1088 1450 generis
1107 1389 1160 1430 na·

55 1453 186 1514 ruralem
201 1453 350 1514 habuere.
396 1451 502 1516 Multa
518 1454 549 1514 in
566 1453 706 1528 Oriente,
722 1469 790 1536 post
809 1454 995 1530 divisionem
1016 1453 1097 1516 inter
1111 1475 1161 1515 so-

53 1539 118 1600 cios
145 1539 234 1639 regni
263 1537 476 1612 Macedonici,
497 1539 575 1600 bella
602 1539 708 1622 gessit.
754 1539 911 1622 Principio
941 1541 1161 1623 ⁴Babyloniam

54 1625 154 1705 cepit:
178 1625 263 1698 inde,
276 1625 375 1686 auctis
397 1645 437 1686 ex
456 1625 586 1686 victorii
605 1625 735 1696 viribus,
756 1626 937 1688 Bactrianos
960 1625 1160 1707 expugnavit.

52 1709 236 1772 Transitum
251 1711 366 1772 deinde
379 1709 409 1772 iu
424 1707 546 1770 Indiam
560 1707 644 1783 fecit,
654 1729 725 1788 quae
740 1725 810 1790 post
822 1727 954 1772 mortem
966 1712 1161 1790 Alexandri,

52 1792 166 1858 bueluti
181 1791 354 1858 cervicibus
365 1794 446 1878 jugo
457 1794 616 1856 servitutis
628 1812 770 1868 excusso,
782 1794 946 1874 praefectos
960 1794 1028 1876 ejus
1040 1796 1162 1857 oecide—
1251 1839 1254 1844 -

50 1897 110 1944 rat.
158 1881 284 1942 Auctor
304 1879 454 1940 libertatis
477 1878 826 1954 Sandrocottusluerat,
841 1881 910 1940 csecl
927 1879 1052 1942 titulum
1070 1881 1162 1942 liber·
1214 1910 1218 1916 ⁴

51 1967 124 2030 tatis
142 1982 214 2053 post
224 1965 386 2028 uictoriam
403 1965 433 2026 in
448 1966 631 2044 servitutem
648 1981 791 2026 verterat.
836 1964 1000 2047 Siquidem
1013 1980 1164 2048 occupato
1229 2015 1231 2020 ,

51 2065 161 2136 regno,
183 2052 345 2134 populum,
371 2071 464 2132 quent
487 2051 525 2112 ab
553 2053 678 2114 externit
706 2051 916 2113 dominatione
940 2053 1163 2128 vindicaverat,

53 2139 119 2220 ipse
135 2136 266 2200 servitio
281 2137 450 2218 premebat.
472 2182 475 2190 f
496 2135 571 2200 Fuit
590 2135 640 2203 hie
656 2139 784 2220 quidem
808 2137 918 2199 humili
933 2159 1046 2220 genere
1062 2153 1164 2214 natus,

53 2224 109 2287 sed
122 2226 164 2286 ad
180 2224 268 2304 regni
284 2229 468 2306 potestatem
489 2224 649 2308 majestate
672 2221 809 2285 numinis
828 2223 990 2304 impulsus.
1036 2223 1162 2308 Quippe

52 2308 126 2372 crim
143 2309 332 2392 procacitate
354 2329 411 2370 sua
426 2307 643 2370 Alexandrum
666 2327 773 2389 regem
793 2307 984 2383 offendisset,
998 2310 1130 2372 interfici
1145 2307 1163 2370 t

52 2417 125 2479 rege
137 2397 259 2480 jussus,
273 2394 404 2456 salutem
417 2395 533 2478 pedum
548 2394 703 2456 celeritate
720 2392 902 2472 quesierat3
928 2413 969 2454 ex
981 2398 1041 2474 quit
1052 2395 1162 2479 fatiga-

52 2479 241 2557 tione,‘ctim
257 2499 366 2541 somno
382 2493 489 2560 captus
507 2479 637 2562 jaceret,
652 2481 701 2540 leo
717 2471 974 2557 ingentis'sormae
990 2481 1030 2540 ad
1046 2481 1163 2542 dormi·
1265 2515 1269 2525 =

51 2558 156 2632 entem
179 2570 324 2646 accessit,
336 2566 546 2646 sudoremque
562 2565 766 2646 profluentem
789 2563 893 2643 linguai
909 2563 937 2622 ei
955 2565 1095 2638 detersit,
1109 2587 1162 2628 ex·

52 2653 329 2738 pergeiactumque
344 2645 457 2711 blandi
470 2651 607 2732 reliquit.
632 2650 703 2718 Hoc
717 2649 861 2730 prodigio
873 2647 1011 2731 primtim
1024 2649 1064 2710 ad
1076 2669 1163 2730 spem

52 2742 140 2824 regni
156 2738 323 2822 impulsus,
334 2737 498 2800 contractis
511 2738 693 2816 latronibus,
707 2733 821 2798 dIndos
837 2736 877 2798 ad
893 2737 1062 2801 novitatem
1073 2735 1162 2820 regni

459 2871 756 2963 lurnn'rnsrsrio.

85 3083 102 3117 a
118 3069 177 3132 Qus
187 3071 236 3133 ipsi
250 3068 356 3132 paratu
369 3062 496 3130 impressa
505 3066 597 3132 stettin
653 3079 667 3114 c
682 3064 733 3114 Sed
739 3068 930 3129 portmotortam
939 3062 1069 3126 redegerat
1080 3065 1163 3110 ineer-

47 3135 280 3200 semorednaturo.
620 3136 720 3182 virtatem
737 3149 777 3182 eoa
795 3133 881 3196 quibua
897 3131 1043 3194 promiserat
1065 3132 1164 3180 liberte·

85 3204 101 3250 b
118 3205 199 3254 Veluti
206 3205 228 3252 si
241 3217 369 3251 exeruntur
377 3209 448 3250 esset
451 3205 543 3265 jugum
550 3217 599 3249 ser·
621 3210 673 3249 tem¹

54 3273 142 3320 utrius
154 3268 172 3320 ὲ
186 3269 242 3319 suis
255 3269 398 3329 ceruicibus,
406 3278 540 3317 iteraverat
547 3274 600 3334 tp'us
653 3266 672 3314 d
684 3267 820 3315 solicitant
829 3263 902 3314 Icelos
915 3263 950 3312 nd
959 3277 1045 3313 novom
1054 3259 1163 3312 sormam

48 3338 209 3403 presentans
240 3379 242 3386 .
620 3333 924 3398 imperilinstrtueudam.

469 3509 474 3521 ·
548 3489 663 3542 NOTAE..

85 3605 101 3654 1
116 3599 240 3666 Sutlpth
259 3599 425 3664 sculpturam
441 3595 458 3648 ὲ
475 3599 599 3650 caelatura
623 3606 741 3654 montem,
755 3596 825 3646 inter
843 3597 931 3644 lssttm
950 3600 979 3644 et
995 3595 1166 3660 Euphratem.

53 3667 197 3738 distinguit
217 3666 392 3724 Quintilianus
415 3681 497 3731 penes
520 3675 597 3716 mate
623 3667 646 3714 6.
656 3668 733 3718 Catia
745 3664 778 3714 ad
790 3661 955 3716 Maeandrum
966 3659 1086 3724 fluvium,
1096 3664 1166 3736 inter

52 3739 137 3790 riam:
156 3733 281 3784 celatura
298 3733 367 3784 enirn
389 3747 490 3790 aarum,
510 3749 601 3794 argen-
623 3736 762 3795 Apameam
774 3737 803 3778 et
815 3730 956 3794 Ephesum.

52 3809 119 3862 tum,
134 3819 180 3862 aes,
191 3799 302 3858 lerninis
322 3800 460 3862 sculptura
473 3797 535 3848 vero
551 3799 599 3862 lig·
657 3799 673 3848 3
684 3795 974 3861 Antioraminfiemore]
982 3797 1059 3854 Quod
1070 3797 1167 3864 Appia·

52 3885 125 3931 num,
136 3870 215 3928 ebur,
232 3883 354 3928 mernor,
370 3867 468 3920 vitrum
485 3875 512 3916 et
530 3879 602 3932 gem·
623 3879 671 3914 nus
681 3861 816 3912 confirmat
829 3864 855 3912 in
868 3863 990 3927 Syriacis.

53 3950 107 3987 mas
120 3936 318 3999 complectitur.
438 3969 442 3978 .
626 3957 629 3967 =
656 3928 1168 3998 lBubploniomcept't]AcceptisdPtn-

85 4003 287 4065 tenerrima]
309 3998 448 4063 Multiplex
459 3993 512 4048 luit
521 3997 600 4066 hujus
623 3999 711 4048 lemaro
723 3997 857 4062 peditibus
866 3999 922 4058 800,
932 4010 959 4048 et
967 3999 1098 4063 equitibus
1107 3999 1167 4056 200,

54 4073 169 4120 nominis
181 4071 284 4118 civitas.
319 4072 340 4118 1.
350 4071 378 4116 lu
392 4065 507 4131 Syriuad
519 4069 600 4116 Oron·
624 4065 724 4126 urbem,
737 4063 805 4114 unde
823 4079 907 4128 nuper
920 4063 951 4113 ab
969 4067 1102 4129 Antigono
1114 4061 1169 4112 sue·

53 4145 107 4188 tem
119 4136 243 4196 fluvium,
260 4151 327 4184 nttnc
346 4136 480 4190 Antucliio,
498 4133 532 4183 de
548 4132 601 4196 qud
623 4141 664 4202 rat
683 4132 796 4199 ejectus,
816 4129 952 4182 deditione
969 4131 1087 4195 accepit:
1109 4137 1168 4184 tum
1272 4158 1279 4175 2

52 4205 98 4254 hic
119 4205 220 4270 agitur.
252 4201 319 4251 21η
334 4199 539 4264 -ttesupoumit,
552 4215 600 4262 uop
624 4207 717 4250 auctus
733 4198 841 4257 viribus,
859 4201 1013 4248 Nicanorem
1035 4212 1082 4260 pro
1096 4198 1169 4248 Anti·

53 4268 179 4334 proculi
193 4269 278 4335 Tigri,
287 4270 396 4320 mnus.
416 4269 440 4318 3.
451 4269 477 4315 ln
488 4264 603 4330 Pysidta,
624 4283 692 4332 gono
704 4263 856 4330 praelectum
870 4265 966 4316 Media
978 4265 1111 4316 incautum
1124 4279 1169 4334 ag·

55 4339 83 4386 4.
101 4339 128 4386 ln
144 4337 249 4395 Cilicia,
263 4348 345 4402 prope
363 4335 466 4386 Pisidiae
484 4341 513 4382 et
533 4334 604 4382 Pam.
625 4347 733 4401 gressus
745 4332 885 4400 superavit.
1200 4369 1203 4373 -

55 4403 153 4474 phylira
174 4401 325 4466 confinium·
368 4404 393 4453 ⁵.
417 4401 463 4454 ,td
484 4403 602 4454 Taurum
