2886 4906
640 223 672 264 '¹
744 269 932 357 Jus'rmu

283 479 345 520 non
360 435 487 536 penbrii
498 451 668 526 seniorum,
679 445 735 510 scd
746 445 821 510 odio
832 431 1058 517 Romanorum,
1069 457 1132 522 quo
1147 437 1310 500 imbutum
1328 455 1414 500 eum

281 531 315 603 ii
330 537 463 624 pueritii
478 538 625 602 sciebant.
662 533 768 598 Fatale
783 544 924 593 nontam
940 525 1105 602 Romanis,
1119 522 1214 608 quim
1229 523 1294 606 ipsi
1309 521 1413 584 Afri-

284 647 327 692 cae
342 627 471 688 malurn.
513 623 591 683 ²His
606 620 733 702 regibus
754 616 871 702 pueris,
885 615 944 676 etsi
965 611 1041 675 nulli
1063 611 1195 676 senioris
1213 607 1320 671 atatis
1338 629 1413 670 rec-

283 727 367 776 tores
382 723 591 784 erant,tamen
603 707 634 770 in
649 723 778 769 suorum
791 701 968 786 quibusque
983 698 1139 782 majorum
1147 695 1285 778 vestigia
1301 694 1412 756 niten-

285 799 380 872 tibus,
394 815 507 894 magna
528 793 648 855 indoles
668 790 792 853 virtutis
814 786 937 848 enituit.
981 781 1072 846 Solus
1095 782 1300 855 Ptolemaeus,
1323 780 1411 842 sicut

286 885 435 947 scelestus
455 903 487 942 ιιι
508 877 689 961 occupando
709 895 818 958 regno,
839 869 896 932 2iti
918 886 949 932 et
970 869 1075 951 segnis
1097 869 1129 931 in
1147 865 1409 931 administrando

285 969 357 1034 fuit.
409 967 587 1048 Philippum
614 961 769 1035 Dardani,
794 959 960 1039 ceterique
985 973 1099 1016 omues·
1124 952 1251 1016 finitimi
1283 951 1409 1034 populi,

286 1055 400 1142 quibus
414 1054 501 1114 velut
523 1049 696 1112 immortale
719 1047 829 1108 odium
852 1065 924 1106 cum
948 1038 1162 1104 Macedonum
1178 1037 1312 1122 regibus
1327 1053 1410 1113 erat,

286 1155 466 1222 contemptu
486 1137 585 1200 atatis
607 1129 733 1198 assidui
760 1130 960 1194 lacessebant.
1004 1123 1133 1200 Conui,
1154 1126 1205 1186 ille
1231 1124 1408 1188 summotis

285 1225 439 1301 hostibus,
453 1245 514 1286 non
537 1233 698 1284 contentus
712 1238 768 1281 sua
782 1214 972 1293 defendisse,
986 1213 1068 1276 ultro
1090 1212 1184 1276 etiam
1201 1209 1324 1273 AEtolis
1341 1209 1406 1272 bel·

286 1313 353 1375 lum
369 1311 483 1372 inferre
499 1307 661 1392 gestiebat.
997 1325 999 1330 ’
1108 1319 1111 1322 ·

129 1407 261 1472 Philippoi
330 1395 431 1459 CAP.
449 1395 496 1456 ΙΙ.
520 1392 601 1466 Qus
620 1391 789 1474 agitantem
810 1388 897 1452 illum
913 1385 1111 1450 ³Demetrius
1132 1405 1191 1452 rex
1206 1381 1407 1468 lllyriorum,

130 1471 273 1552 muamus·
287 1502 387 1564 nuper
404 1477 439 1539 ⁴i
454 1480 552 1539 Paulo
574 1477 668 1538 Rom.
686 1475 813 1537 consule
828 1475 941 1548 victus,
955 1472 1147 1556 supplicibus
1168 1471 1337 1551 ⁵precibus
1355 1491 1406 1550 ag-

66 1629 69 1636 ,
123 1541 262 1672 Jem'ss„
288 1567 440 1650 greditur,
455 1562 604 1650 injuriam
618 1563 824 1624 Romanorum
838 1579 983 1640 querens,
998 1561 1051 1644 qui
1073 1577 1135 1620 non
1156 1557 1292 1620 contenti
1308 1556 1408 1620 Italic

130 1675 218 1722 ιιῑιιιιι.
288 1654 427 1716 terminis
443 1651 602 1734 imperinm
617 1662 670 1734 cpe
685 1647 822 1732 improbi
838 1643 929 1708 Orbis
947 1645 1089 1728 amplexi,
1104 1644 1210 1706 billum
1224 1661 1290 1704 cum
1306 1644 1407 1706 omni·

127 1738 277 1856 giMlffiffl}
289 1740 343 1804 bus
358 1739 483 1824 regibus
494 1748 620 1821 gerant.
662 1737 715 1798 Sic
728 1734 808 1796 ⁶illos
823 1733 1004 1804 Siciliensis
1018 1730 1194 1809 ⁷Sordinice‚
1207 1730 1406 1814 lHiepuniae-

85 1913 87 1924 ,
129 1869 273 1923 urbest?

129 1937 280 1992 antonia.
335 2003 339 2010 ¹
695 1966 994 2018 miserrumum.

320 2181 336 2214 a
356 2167 414 2216 Etsi
424 2167 461 2214 illi
473 2179 544 2228 reges
557 2166 631 2226 pueri
647 2179 695 2212 non
707 2165 823 2211 heberent
839 2163 1018 2226 giibmmtotes
1034 2176 1109 2217 imus,
1120 2161 1305 2210 inilli'etoinett
1315 2175 1405 2223 magno

152 2257 156 2265 ·
178 2293 181 2297 ,
286 2242 341 2298 spes
352 2237 472 2283 sirionem
480 2231 629 2282 suturarum
640 2235 766 2298 apparuit,
778 2227 840 2280 dum
852 2233 954 2294 quisque
964 2237 1073 2280 conatur
1085 2231 1154 2292 sequi
1165 2229 1278 2291 mangis
1287 2232 1405 2294 majoram

181 2317 185 2328 ·
285 2317 388 2351 carrion.
759 2317 763 2326 ·

683 2480 685 2484 ’
715 2501 718 2506 ·
754 2461 898 2546 'norm

323 2695 373 2746 tn
380 2693 490 2758 pueritia
503 2691 631 2755 sciebant]
653 2695 740 2741 Natus
752 2707 832 2742 annos
890 2690 1043 2742 SPrecibus
1061 2685 1236 2754 aggreditur]
1256 2689 1317 2740 Non
1336 2687 1406 2742 ine

287 2777 390 2817 norem,
400 2761 462 2809 dum
473 2759 600 2810 Amilcari
610 2771 679 2824 patri
688 2757 833 2817 blanditur,
855 2757 958 2818 metrio,
973 2756 1020 2806 sed
1033 2755 1207 2808 abdunibide
1222 2771 1366 2820 accensum
1382 2757 1407 2806 in
1439 2769 1440 2776 ¹

287 2839 317 2879 ut
329 2829 473 2906 ducepetor
487 2827 514 2874 in
532 2825 693 2891 Hispaniam,
703 2821 758 2901 qud
775 2831 833 2874 erat
855 2827 984 2902 Romanos
993 2823 1145 2892 Philippum
1157 2825 1286 2874 testantur
1296 2823 1407 2874 Probus

287 2891 834 3024 ἒιξίδιῑιιιῗιῖἆιιξειιῗζιξῗ,ἲιιέἷῗιιιξὲἔιῖεῗῃὲὲἒξιῗ
854 2895 1095 3019 “bigitanai
1117 2955 1221 3006 Bellum
1232 2956 1319 3020 primo
1331 2957 1406 3006 Sicu·

286 3035 319 3078 ut
327 3025 542 3094 juraretse,cbm
553 3022 667 3090 primum
677 3040 725 3090 per
733 3034 832 3076 statem
854 3023 888 3075 lis
905 3022 922 3074 d
941 3023 1062 3076 Romanis
1084 3023 1184 3076 illatum
1201 3031 1253 3084 est,
1262 3024 1328 3072 dom
1347 3026 1403 3072 Ms-

286 3104 385 3160 posset,
401 3094 502 3145 hostem
518 3091 576 3142 fore
592 3092 691 3155 populo
708 3095 833 3152 Romano,
855 3091 976 3142 mertinis
985 3090 1114 3140 auxilium
1124 3089 1211 3140 lerunt
1222 3097 1317 3140 contra
1328 3093 1402 3156 Syra-

285 3163 329 3212 lot
342 3163 468 3224 Polybius,
480 3163 577 3217 Livius,
593 3159 705 3208 Zonaras
714 3169 739 3206 et
748 3162 799 3207 alit.
855 3172 975 3220 cusanus,
993 3158 1143 3216 Hieronem,
1156 3166 1185 3206 et
1205 3157 1402 3222 Carthaginien·

320 3228 389 3278 21td
401 3239 425 3276 et
436 3226 540 3290 segnia]
561 3228 600 3275 lle
614 3224 749 3275 Ptolemaei
760 3225 832 3276 vitiis
854 3241 908 3288 ses,
917 3241 1029 3292 qnorum
1042 3224 1183 3289 imperator
1196 3225 1288 3274 Hanno
1302 3225 1402 3276 Messa·
1440 3239 1441 3272 ι

285 3303 381 3362 agetur
392 3291 492 3357 posted.
854 3309 891 3342 nae
904 3303 996 3356 captus
1009 3297 1060 3341 est.
1139 3291 1141 3298 “

319 3361 486 3410 SDernetrina
493 3373 541 3408 rex
550 3355 712 3424 Illyriomtm]
722 3357 832 3410 Pharius
886 3361 903 3412 7
916 3355 1061 3422 Sardinia]
1083 3360 1140 3415 Quo
1152 3356 1292 3410 Cornelius
1303 3357 1401 3423 Scipio;

285 3435 459 3490 nuncupatus,
471 3425 526 3491 qui,
537 3427 656 3490 Corcyrae
672 3425 790 3476 &Pentri
802 3427 834 3476 ll·
853 3425 916 3476 dum
930 3427 1044 3479 Siciliam
1060 3425 1169 3491 subegit
1186 3426 1290 3484 Florus,
1301 3425 1401 3476 bellum

313 3493 412 3544 riorum
429 3491 532 3558 Reginis
546 3491 769 3552 Praefectumeam
782 3499 834 3543 tra·
853 3496 953 3558 primus
972 3493 1119 3552 transtulit,
1135 3501 1163 3543 et
1176 3495 1303 3544 Hannone
1319 3494 1399 3546 ricto.

303 3557 356 3609 idit
369 3562 499 3621 Romanis,
510 3558 527 3609 i
538 3560 636 3624 quibos
648 3559 747 3625 Illyrici
758 3569 833 3624 parte
854 3559 944 3610 urbem
957 3561 1030 3624 cepit
1039 3559 1151 3609 Olbiam.

285 3627 398 3678 donatus
408 3635 460 3676 est.
495 3629 540 3676 Ex
549 3627 656 3690 Polybio.
887 3629 902 3677 8
914 3627 1058 3693 Hispania]
1071 3625 1182 3676 Publius
1195 3625 1284 3691 Scipio
1293 3627 1400 3687 Consul,

318 3695 337 3746 b
350 3697 374 3742 A
390 3697 472 3744 Panlo
484 3695 595 3745 Romano
609 3691 726 3757 conside]
748 3695 832 3758 Capti
852 3695 895 3748 eni
908 3694 1035 3760 Hispania
1046 3694 1196 3754 obvenerat,
1209 3693 1255 3747 ubi
1266 3693 1336 3746 vidit
1349 3697 1401 3745 An·

286 3769 387 3826 septem
397 3760 490 3810 diebus
502 3759 602 3810 Dimalo
613 3761 677 3812 urbe
688 3762 833 3815 munitissi-
851 3762 965 3812 nihalem
981 3770 1042 3826 post
1058 3761 1115 3811 leve
1127 3768 1274 3818 certamen,
1286 3761 1401 3830 trajecto

285 3831 339 3889 mi,
352 3827 466 3878 Pharum
483 3825 587 3888 versis,
598 3837 689 3882 contra
702 3830 832 3886 Demetri·
851 3826 988 3889 Rhodano,
1000 3829 1027 3878 in
1039 3827 1139 3878 ltaliam
1151 3827 1326 3890 descendere,
1338 3833 1401 3882 Cne-

282 3897 331 3946 iim
343 3896 441 3946 Consul
460 3895 601 3962 navigavit,
614 3903 643 3946 et
659 3895 773 3946 maximi
787 3910 832 3946 ex·
852 3911 895 3946 um
904 3895 1009 3948 fratrem
1021 3911 1082 3948 cum
1094 3901 1170 3959 parte
1183 3895 1320 3960 copiarum
1329 3898 1402 3952 misit
1439 3889 1440 3892 ¹

285 3961 386 4014 emittis
397 3971 470 4026 parte
482 3962 507 4013 in
521 3961 586 4012 locis
599 3963 671 4012 caris
683 3963 782 4022 abditi,
795 3965 832 4027 ip·
852 3963 879 4012 in
898 3963 1059 4028 Hispaniam,
1071 3970 1128 4012 tum
1145 3973 1175 4012 ut
1186 3970 1292 4015 veteres
1304 3965 1401 4026 socios,

284 4047 315 4079 se
325 4043 388 4082 cum
405 4028 496 4093 paucis
508 4029 618 4098 oporibus
631 4029 656 4080 in
670 4035 777 4092 portum
789 4043 833 4093 ap·
851 4029 885 4078 ob
901 4029 1037 4084 desertum
1053 4031 1211 4094 Saguntum,
1223 4031 1361 4094 alienatos,
1374 4035 1401 4084 in

283 4097 369 4162 pulit;
380 4111 491 4162 quarum
504 4097 664 4160 paucitatem
678 4105 831 4160 asperrimus
851 4093 939 4148 officio
951 4097 1092 4154 retinerete
1105 4105 1163 4148 tum
1175 4107 1206 4148 ut
1216 4097 1347 4164 Hispania
1356 4117 1401 4152 ις.

284 4164 445 4223 Demetrius,
465 4162 529 4212 dum
546 4163 728 4212 extensionem
744 4163 833 4226 prohi·
851 4161 963 4227 pelleret
974 4163 1168 4215 Asdrubalem:
1184 4165 1257 4228 ‘quod
1268 4165 1324 4220 uni
1340 4184 1401 4220 cum

284 4227 347 4282 bere
360 4229 520 4289 conatur,ab
532 4228 576 4289 iis,
585 4229 633 4294 qui
642 4229 758 4294 insylvis
768 4232 833 4283 late·
851 4231 933 4284 fratre
944 4231 1077 4296 prestitit:
1096 4231 1135 4288 ita
1145 4239 1176 4286 ut
1188 4232 1257 4284 victi
1274 4235 1308 4286 ab
1322 4237 1399 4286 Anni-

283 4293 385 4360 bant,a
403 4307 479 4364 tergo
496 4305 663 4362 oppugnatus
676 4297 765 4368 victus
780 4303 832 4361 est,
852 4299 908 4348 bale
918 4301 943 4348 in
951 4299 1026 4350 ltalia
1035 4299 1156 4358 Romani,
1163 4301 1398 4370 Carthaginienses

216 4415 222 4426 ¹
283 4369 312 4409 et
328 4363 391 4436 urbs
408 4365 512 4428 pulsus,
526 4363 615 4416 lembo
631 4364 664 4417 ab
682 4364 831 4436 Philippum
852 4366 879 4416 in
891 4366 1019 4434 Hispania
1030 4365 1174 4420 vincerent.

281 4423 368 4494 logni
381 4438 413 4482 ut
422 4440 513 4486 narrat
524 4430 657 4499 Polybius.
