2906 4902
448 482 514 558 ere,
530 482 659 564 prorshs
681 482 829 564 quasiad
848 483 966 566 epulas,
979 503 1041 548 non
1062 482 1101 548 ab
1122 475 1201 548 bella
1223 493 1410 566 pergerent·

294 567 487 632 Advenienti
505 567 664 630 Antiocho
679 568 769 632 multi
785 569 960 632 Orientales
972 589 1064 652 reges
1085 569 1266 647 occurrere,
1278 569 1410 634 traden-

280 665 340 718 'tes
355 675 400 729 se,
412 675 567 736 regnaque
583 674 650 730 sua,
663 675 735 718 cum
751 654 946 718 execratione
962 653 1110 740 superbia
1126 653 1293 718 Parthicae.
1337 655 1409 730 Nec
1442 649 1445 680 ²

292 760 382 808 mora
403 739 612 822 congressioni
628 739 698 802 fuit.
742 737 921 804 Antiochus
937 741 1047 804 ltribus
1066 739 1182 824 praeliis
1197 740 1316 817 victor,
1335 739 1409 804 crim
1443 749 1445 824 l

294 824 498 908 Babyloniam
513 827 703 908 occupasset,
714 825 846 906 magnus
862 825 968 888 haberi
983 825 1088 909 coepit.
1127 826 1240 908 Itaque
1255 826 1410 890 omnibus

292 917 337 978 ad·
349 931 421 978 eum
437 911 558 992 populis
569 909 795 986 deficientibus,
804 910 881 974 nihil
897 910 1020 974 Parthis
1031 911 1145 992 reliqui
1160 927 1275 994 prater
1287 911 1409 995 patrios
1444 913 1445 928 ¹

292 1001 369 1070 fines
384 995 455 1059 fuit.
477 995 570 1060 Tunc
581 995 729 1058 Phraates
739 995 938 1058 Demetrium
951 997 983 1059 in
996 996 1119 1070 Syriam
1130 998 1171 1059 ad
1181 998 1410 1081 occupandum

291 1103 426 1170 regnum
438 1099 509 1144 cum
528 1079 674 1144 Parthico
688 1081 833 1164 prasidio
846 1081 954 1158 mittit,
965 1095 1000 1146 ut
1014 1104 1053 1146 eo
1063 1081 1153 1166 pacto
1169 1081 1358 1146 Antiochus
1370 1083 1411 1146 ad

291 1194 349 1236 sua
363 1169 479 1234 tuenda
494 1165 512 1228 al
529 1165 654 1231 Parthia
665 1183 873 1232 revocaretur.
899 1167 1039 1254 Interior,
1050 1168 1197 1250 quoniam
1207 1169 1336 1232 viribus
1347 1189 1409 1232 non

290 1269 422 1342 poterat,
437 1254 558 1318 insidiis
572 1253 766 1316 Antiochum
781 1253 896 1336 ubique
909 1250 1054 1316 tentabat.
1078 1253 1211 1337 Propter
1224 1255 1409 1318 multitudi-

289 1365 362 1406 nem
378 1340 553 1419 hominurn,
571 1338 743 1404 exercitum
760 1359 850 1402 suurn
869 1336 1046 1402 Antiochus
1061 1360 1117 1420 per
1133 1338 1281 1403 civitates
1300 1341 1332 1404 in
1349 1339 1408 1424 hy·

289 1431 384 1494 berna
395 1427 563 1490 diviserat:
581 1446 649 1506 qnae
664 1445 716 1490 res
727 1425 756 1485 ei
769 1423 856 1486 exitii
868 1443 961 1494 causa
976 1422 1047 1488 fuit.
1070 1424 1172 1487 ²Nam
1184 1423 1263 1490 edm
1280 1427 1406 1510 gravari

289 1538 323 1580 se
343 1514 504 1596 copiarum
526 1511 716 1593 praebitione,
731 1525 763 1572 et
779 1508 904 1592 injuriis
924 1508 1072 1588 militum,
1086 1509 1230 1574 civitates
1245 1510 1404 1592 viderent,

288 1602 330 1666 ad
347 1598 477 1662 Parthos
493 1593 660 1670 deficiunt;
676 1611 708 1658 et
721 1594 774 1655 die
790 1595 903 1658 statuti
917 1615 1026 1658 omnes
1041 1595 1125 1680 apud
1139 1618 1173 1658 se
1188 1597 1337 1662 divisum
1353 1622 1403 1662 cx·

288 1687 420 1750 ercitum
436 1705 492 1766 per
511 1680 651 1758 insidiae,
664 1702 701 1766 ne
718 1678 852 1742 invicem
867 1680 949 1744 ferre
969 1681 1087 1746 auxilia
1102 1697 1239 1766 possent,
1254 1689 1403 1768 aggredi·

288 1789 393 1846 untur.
431 1768 512 1844 Quae
527 1765 602 1830 edm
618 1767 762 1830 nunciata
777 1765 936 1830 Antiocho
949 1783 1063 1844 essent,
1077 1767 1231 1831 auxilium
1247 1772 1404 1853 proximis

286 1861 418 1933 laturus,
436 1875 509 1918 cum
525 1855 560 1914 ei
577 1873 681 1926 manu,
696 1873 764 1933 quae
784 1873 891 1916 secum
911 1852 1088 1935 hyemabat,
1103 1855 1324 1938 progreditur.
1370 1864 1403 1927 ln

287 1945 398 2008 itinere
412 1939 541 2004 obvium
557 1957 665 2020 regern
673 1938 859 2000 Parthorum
874 1937 993 2015 habuit,
1001 1937 1154 2004 adverada
1164 1959 1263 2023 quem
1274 1941 1402 2028 sortiris,
1444 1953 1445 2034 l

266 2043 269 2048 ’
287 2026 383 2112 quim
395 2025 550 2088 exercitus
563 2024 642 2105 ejus,
655 2021 829 2086 dimicaivit.
853 2022 910 2086 Ad
921 2039 1113 2108 postremum
1125 2039 1242 2104 tamen,
1252 2029 1335 2097 chm
1344 2036 1402 2100 vir.
1444 2037 1445 2048 ¹

286 2131 354 2176 tute
375 2113 480 2174 hostes
503 2113 672 2186 vincerent,
692 2123 779 2169 metu
801 2129 930 2170 suorum
952 2110 1107 2188 desertus,
1127 2111 1325 2182 'occiditurc
1356 2123 1403 2186 cui

286 2199 435 2262 Phraates
454 2191 619 2274 exsequias
634 2194 722 2276 tegio
739 2213 824 2258 more
840 2192 927 2273 fecit,
941 2193 1100 2278 filiamque
1117 2197 1293 2282 Demetrii,
1309 2225 1403 2288 quem

280 2303 394 2360 ¹secum
405 2279 582 2348 Antiochus
594 2279 779 2354 adduxerat,
788 2293 895 2362 captus
904 2299 1010 2344 amore
1021 2280 1162 2366 virginis,
1173 2303 1312 2352 uxorem
1324 2294 1404 2358 dux·

285 2369 321 2432 it.
345 2368 494 2434 Poenitere
507 2365 620 2427 deinde
636 2363 758 2429 dimissi
775 2363 930 2437 Demetrii
947 2367 1054 2450 ccepit:
1071 2368 1111 2431 ad
1127 2389 1224 2450 quem
1239 2377 1405 2448 retrahen.

285 2457 364 2520 dum
380 2451 455 2518 crim
477 2468 595 2516 turmas
618 2448 922 2532 equitumfestinatd
946 2451 1092 2530 misisset,
1105 2451 1332 2526 bDemetrium
1347 2469 1405 2533 hoc

285 2543 389 2624 ipsum
411 2552 601 2614 metuentem
620 2536 740 2620 jamin
761 2557 858 2618 regno
877 2537 965 2598 missi
987 2539 1193 2604 invendtunt:
1212 2539 1403 2638 frustraque

285 2625 390 2690 omnis
404 2625 517 2704 conati,
532 2623 572 2686 ad
586 2642 692 2708 regem
708 2642 799 2686 suum
814 2624 932 2684 reversi
943 2636 1025 2688 sunt.

128 149 376 476 2le&x
580 367 584 376 ,
747 309 936 396 Jusrtur

66 405 179 594 sti
194 471 242 622 ‘ps
293 397 398 548 mella
412 463 445 546 fl

667 2787 987 2844 ‘urnaeaarnuo
1090 2857 1094 2862 Ι
1201 2813 1206 2824 ·

314 2950 410 3030 aphani
423 2945 826 3028 edmoidererttutderregrauati
867 2943 1025 3030 'bBtmt'rsi
1039 2944 1343 3018 a—ttegetnventruntin
1358 2967 1405 3032 Sp.
1443 2927 1444 3006 l

283 3020 311 3067 cl
322 3012 454 3082 anjnnasd
464 3013 709 3071 metamucense
719 3027 824 3074 quaoco-
849 3016 889 3064 rui
901 3014 1054 3067 Demettrttm
1061 3019 1105 3070 hac
1114 3023 1241 3074 omnem

258 3145 259 3152 ἵ
279 3085 408 3150 gelantur
417 3085 478 3132 clare
489 3081 651 3146 supplementa
660 3081 741 3144 copiis.

774 3233 889 3283 NOTAE.

181 3423 191 3430 -
256 3423 259 3428 ·
315 3381 638 3452 tt‘rthnpraeliirrnctor]
649 3383 824 3449 racenhusen
847 3392 930 3452 rupto
940 3388 997 3442 loco
1007 3405 1037 3441 se
1048 3389 1156 3443 dedisse
1165 3394 1331 3462 precipitem
1338 3405 1399 3456 vult

279 3453 392 3506 Nieolao
411 3454 573 3502 Damascene
595 3451 654 3502 vult
668 3452 701 3502 ab
719 3467 752 3502 eo
771 3459 827 3504 tro·
848 3453 973 3506 AElianus.
1014 3459 1039 3506 A
1061 3457 1160 3524 quibus
1181 3461 1288 3516 diversa
1314 3467 1397 3524 relect

167 3541 169 3548 ,
272 3520 381 3584 -phaurn
405 3519 440 3570 sd
464 3521 563 3584 Lycum
585 3530 686 3568 amnem
704 3525 823 3570 erectum
846 3521 998 3586 Scriptura:
1015 3519 1079 3576 citro
1093 3525 1163 3578 enirn
1174 3529 1259 3582 vellet
1274 3535 1395 3588 Naneam

276 3587 370 3647 fuisse,
380 3582 454 3652 qudd
466 3598 515 3634 non
527 3584 621 3649 procul
632 3583 694 3636 inde
705 3585 823 3638 lndatem
845 3587 931 3649 deant,
949 3588 978 3640 id
994 3596 1048 3650 est,
1061 3593 1199 3654 Venerem,
1217 3611 1332 3651 uxorem
1348 3603 1398 3654 du-

205 3715 209 3720 ,
275 3652 435 3708 Parthorum
454 3651 551 3702 ducem
575 3653 745 3718 superassem
774 3652 824 3704 sed
845 3671 914 3716 cere,
927 3655 1008 3722 idque
1019 3657 1210 3722 pollicerentur
1224 3667 1398 3730 sacerdotem

275 3717 485 3780 unins‘tantdm,
493 3733 544 3768 non
561 3718 760 3770 trinaevictoriae
770 3735 824 3771 me·
845 3723 870 3772 in
887 3723 1037 3789 Templum,
1050 3730 1082 3776 ut
1098 3725 1188 3780 dotem
1204 3745 1307 3796 sponse
1325 3738 1400 3787 ccci.

275 3787 364 3849 minit,
375 3801 488 3852 cumque
505 3783 584 3850 pauli>
601 3785 664 3853 pdst
674 3787 709 3838 ab
721 3789 822 3838 Arsace
844 3797 928 3854 peret,
939 3805 1000 3842 cum
1018 3793 1108 3856 paucis
1121 3794 1263 3858 admissus,
1274 3797 1291 3850 ai
1307 3816 1397 3854 sacer.

274 3856 373 3906 nictum
384 3861 505 3904 testatur.
843 3856 948 3909 dotibus
965 3857 1071 3910 occisus
1087 3868 1140 3922 est,
1151 3869 1181 3912 et
1196 3861 1224 3912 in
1237 3862 1324 3916 frusta
1338 3869 1397 3920 dis.

308 3924 326 3973 2
344 3917 494 3984 Occiditur]
515 3918 603 3973 Aliter
619 3921 651 3971 ab
668 3919 728 3971 aliis
746 3920 820 3972 illius
843 3917 960 3990 ce'rptus.
993 3927 1077 3982 Quem
1096 3927 1183 3980 locum
1195 3929 1240 3982 alii
1251 3931 1287 3982 de
1297 3930 1397 3986 Antio.

274 3987 359 4040 cades
369 3987 490 4037 traditur.
509 3985 550 4036 Ab
561 3988 660 4038 Arsace
669 3987 756 4038 vietus
768 3987 819 4038 sibi
842 3991 893 4042 cho
904 3995 1011 4058 Magno,
1020 3991 1069 4044 alii
1080 3993 1115 4046 de
1126 3995 1260 4048 Antiocho
1275 4000 1397 4066 Epipha-

273 4069 365 4106 manus
383 4051 484 4114 intulit,
499 4051 522 4102 si
539 4054 660 4118 Appiano
678 4055 819 4104 oredimus.
841 4071 883 4118 ne,
895 4060 1029 4124 Rupertus
1046 4066 1144 4124 tanen,
1156 4063 1288 4130 Sigonius,
1302 4065 1397 4126 Sem.
1442 4105 1443 4114 ,

273 4121 317 4171 Ab
329 4125 428 4176 Arsace
453 4117 608 4198 interfectus
620 4125 672 4178 est,
683 4127 714 4198 pt
732 4121 819 4204 placet
842 4123 907 4190 rius,
918 4125 953 4181 ds
964 4125 1094 4182 Antiocho
1108 4129 1199 4186 Sidete
1211 4131 1375 4202 intelligunt,
1442 4121 1443 4176 l

273 4188 396 4243 Eusebio.
428 4186 517 4254 liebus
534 4185 604 4240 male
622 4192 819 4256 gestis,eprat·
1442 4187 1443 4245 l
