2876 4904
649 275 652 282 =
704 247 912 334 ¹Jusrrnr

269 424 487 506 sandastros,
503 429 661 512 Indosque,
674 433 704 488 et
714 443 828 489 omnem
839 419 955 493 Asiam,
970 415 1106 500 Orientis
1118 412 1190 500 fine
1205 411 1392 485 ὰΜαάθ·
1432 453 1433 456 ,

269 519 358 580 nibus
376 516 595 598 ,credentiam-
615 505 904 594 ³tantoquesortiics
924 508 978 568 boc
993 503 1097 566 bellum
1112 521 1202 586 qnam
1218 499 1274 560 illa
1288 512 1391 560 sustr-

269 604 409 677 nendnm,
425 600 535 684 qaantb
556 601 600 662 sit
620 599 744 660 libertas
766 594 892 676 imperio
914 592 1027 652 carior.
1072 586 1137 648 Sed
1156 601 1187 648 et
1206 585 1389 658 Flaminius

270 689 433 750 Romanus
447 687 554 748 consul
568 685 715 746 relatione
727 701 832 743 rerum
842 669 1056 740 recentissimi
1069 686 1227 754 gestarum
1241 692 1319 735 suos
1330 672 1389 732 sti-

247 765 408 836 'mutabat
428 773 638 854 imprmlium,
657 767 862 841 ostendendo,
883 764 955 824 bine
976 759 1209 844 ¹Cartbaginem
1229 778 1300 818 cam
1322 758 1388 819 ²52·-

269 861 354 934 eilici,
370 859 439 920 inde
462 859 581 920 Italiam
602 869 632 919 et
652 853 854 936 ³Hr'spaniam
875 849 1016 912 Romami
1034 848 1159 920 virtute,
1176 844 1389 926 perdomitas.-

201 931 206 944 ’
259 967 326 1008 mec
340 943 516 1007 Annibalem
532 944 650 1028 quidem
665 939 840 1005 Alexandra
857 935 976 1016 Magno
985 928 1237 1015 postponendum,
1247 950 1306 1012 qno
1321 930 1388 991 Ita·

247 1033 316 1094 tte
334 1032 434 1114 pulso,
458 1030 598 1118 Africam
624 1030 723 1110 ipsam
745 1024 868 1086 tertiam
889 1031 1012 1104 partem
1033 1017 1137 1078 mundi
1159 1015 1388 1098 superaverint.

269 1118 334 1180 Sed
345 1138 399 1179 nec
412 1115 597 1180 Macedonas
611 1115 706 1175 ueteri
711 1110 817 1197 samd,
825 1109 881 1170 sed
886 1104 1088 1191 pratentibus
1103 1102 1221 1164 uiribus
1233 1102 1386 1162 ‹estiman-

270 1203 345 1264 dos:
367 1204 440 1286 qaia
454 1223 516 1264 non
531 1222 598 1262 cam
613 1197 787 1260 Alexandro
803 1191 934 1274 Magno,
948 1211 1034 1276 quem
1051 1190 1196 1252 invictam
1214 1187 1388 1264 audierant,

269 1307 326 1350 nec
342 1307 411 1350 cum
424 1288 559 1350 exercita
580 1283 658 1366 ejus,
673 1284 725 1367 qni
748 1292 842 1358 totam
857 1277 1010 1340 Orientem
1025 1275 1193 1364 devicerat,
1208 1274 1313 1340 bellum
1330 1293 1387 1355 ge·

270 1384 366 1442 rernm
387 1373 443 1434 sed
460 1375 539 1434 ⁴cnm
556 1370 699 1449 Philippo
716 1378 814 1446 puero
830 1367 998 1425 immatura
1017 1360 1127 1436 atatis,
1143 1362 1196 1444 qni
1217 1359 1307 1434 regni
1327 1370 1388 1421 ter·
1431 1371 1433 1384 ·

239 1463 241 1484 ²
271 1459 370 1518 minos
382 1453 691 1528 aduersircstnitimos
706 1449 791 1530 agri
804 1447 956 1532 defendat,
970 1458 1000 1508 et
1013 1465 1080 1510 cum
1095 1446 1144 1508 liis
1160 1443 1389 1522 Macedonibus,

270 1543 326 1628 qni
350 1561 412 1604 mom
434 1539 480 1602 ita
499 1537 617 1625 pridem
634 1536 760 1618 prede
774 1533 936 1596 Dardania
951 1530 1101 1617 sedeunt.
1130 1532 1217 1594 -Illos
1239 1532 1390 1618 majoram

271 1617 391 1702 decora,
404 1647 437 1689 se
458 1643 582 1690 suorum
603 1622 733 1684 militnm
750 1637 989 1684 commemorare.
1032 1617 1105 1681 Non
1121 1619 1201 1680 enim
1221 1617 1279 1680 alio
1297 1640 1389 1680 exer-

272 1715 337 1776 cita
357 1711 536 1776 Annibalem
555 1721 585 1774 et
606 1709 727 1784 Panos,
749 1717 779 1768 et
803 1717 896 1768 tetum
909 1704 1016 1789 serm&
1039 1701 1237 1781 Occidentem,
1260 1705 1312 1776 aed
1335 1705 1390 1765 ln's

272 1800 365 1884 ipsis,
379 1819 454 1885 quos
469 1801 503 1864 in
517 1797 584 1860 acie
596 1793 715 1870 babeat,
730 1792 887 1867 militibus,
899 1791 1050 1855 mboctos.
1087 1789 1150 1866 His
1165 1789 1390 1870 adhortationi-

207 1951 210 1956 .
272 1887 333 1950 bus
344 1885 490 1968 utrinque
505 1879 650 1950 concitati
664 1879 780 1941 milites
795 1877 902 1960 praelia
917 1890 1115 1950 concurrunt,
1128 1875 1217 1938 alteri
1233 1875 1387 1954 Orientis,

272 1971 364 2034 alteri
386 1969 569 2034 Occidentis
592 1965 725 2047 imperio
748 1964 934 2046 gloriantem
959 1959 1170 2044 bferentesque
1196 1963 1229 2024 in
1257 1963 1386 2040 beilum,

273 2057 328 2120 alii
351 2054 507 2139 majorum
529 2071 658 2115 suorum
680 2051 840 2130 antiquam
854 2064 894 2113 et
914 2049 1087 2112 obsoletam
1109 2047 1252 2132 gloriam,
1270 2050 1324 2112 alii
1343 2049 1387 2109 vi-

260 2152 396 2204 ·'rentem
411 2139 587 2204 recentibus
601 2135 823 2218 experimentis
836 2133 962 2212 virtutis
978 2134 1100 2198 florem.
1145 2134 1212 2198 Sed
1232 2134 1388 2200 Macedo·

274 2245 331 2290 nas
352 2223 510 2302 iRomana
533 2223 657 2287 fortuna
674 2221 758 2284 vicit.
804 2221 952 2284 “Fra-:tus
977 2220 1082 2302 itaque
1105 2221 1187 2283 bello
1212 2221 1388 2306 Philippus,

681 2393 981 2446 rnnnnennrarro.
1083 2458 1085 2464 Ι

309 2543 822 2596 aEtlrocbellnmeuetinenrlnrnesseton·
876 2535 1022 2588 bernean·
1034 2541 1070 2588 ad
1085 2537 1168 2588 bellam
1180 2538 1288 2604 sentiter
1304 2555 1390 2602 geren-

277 2611 302 2664 tb
313 2605 456 2677 generatinis
467 2609 540 2674 quim
549 2610 718 2674 absentique,
728 2606 821 2670 qreanto*
844 2608 908 2664 dnm,
922 2607 966 2655 alli
974 2614 1075 2672 propter
1084 2609 1191 2670 gloriam
1201 2609 1389 2669 olim‘portama

270 2678 366 2746 fortiis
399 2679 501 2727 debeant
529 2673 659 2742 defendere
688 2677 821 2725 libertatem
843 2675 895 2721 saie
905 2674 1044 2738 majoribus,
1055 2675 1099 2722 alli
1111 2681 1213 2737 projrter
1218 2673 1391 2738 fortitudinem

277 2747 350 2812 dudm
361 2748 492 2810 impetum.
844 2747 922 2804 nuper
929 2745 955 2790 ia
965 2750 999 2790 tot
1002 2743 1095 2807 preliis
1106 2739 1247 2792 exhibitam.

770 2893 886 2942 nomn.
932 2878 941 2901 ⁶

276 3007 370 3058 nebras
380 3004 441 3074 ejus
455 3004 517 3066 diei,
529 3005 554 3055 in
571 3003 680 3054 insidias
697 3003 822 3055 Macedo·
844 3001 889 3052 vix
902 3001 1069 3068 trigesimum
1086 3002 1231 3053 seeundum
1245 3017 1348 3052 annum
1360 3009 1393 3052 at·

276 3091 338 3126 num
352 3074 480 3132 incidunt,
493 3071 510 3122 a
521 3071 617 3136 quibus
629 3071 746 3121 lacessiti
759 3087 822 3121 aux·
844 3069 959 3136 tigisset,
971 3069 1084 3120 testibus
1097 3070 1172 3120 Livio
1185 3077 1213 3120 et
1225 3070 1378 3122 Plutarcho.

220 3155 223 3162 ·
276 3141 353 3192 ilium
372 3139 389 3190 ὲ
409 3139 534 3190 Flaminio
554 3134 690 3194 obtinent;
708 3139 822 3200 dumque
878 3138 1028 3186 5Romana
1042 3137 1149 3201 fortuna
1171 3135 1260 3200 vicit]
1279 3141 1349 3187 Dum
1367 3139 1391 3186 in

276 3209 338 3260 hine
350 3215 380 3258 et
396 3205 458 3256 inde
475 3213 606 3270 pugnatur
624 3205 731 3266 aeriter,-
744 3205 824 3262 Quin·
844 3203 958 3254 dextera
967 3212 1041 3267 parte
1050 3205 1139 3266 hostes
1148 3203 1230 3254 vincit
1237 3204 1392 3264 Flaminius,

276 3276 343 3334 tius,
360 3273 465 3324 eductis
482 3271 578 3334 copiis,
595 3271 679 3322 aciem
698 3271 822 3322 instruit:
845 3271 934 3336 levam
942 3271 1010 3322 aciei
1036 3270 1265 3335 ntemPhilippus
1272 3273 1392 3337 proterit.

277 3341 418 3406 Philippus
430 3339 509 3388 etiarn
526 3335 586 3386 cum
599 3337 754 3404 Romanossi
768 3339 822 3388 suis
847 3337 961 3397 Sed,ubi
972 3286 1105 3388 Tribunus
1117 3337 1267 3402 Philippum
1282 3339 1393 3389 ultrane·

277 3405 392 3457 collibus
410 3403 528 3472 dejectos
546 3413 674 3463 cerneret,
685 3405 769 3470 praelii
782 3423 824 3458 su·
846 3403 945 3470 liquam
956 3405 1041 3456 aciem
1051 3403 1334 3472 longihsprogresaunr
1343 3407 1394 3454 ani·

277 3473 330 3524 biit
342 3473 434 3524 aleam.
468 3473 524 3521 Her
537 3475 616 3521 mitten
627 3473 750 3536 Polybius.
847 3472 996 3531 madvertit‚
1006 3470 1130 3526 continuo
1141 3473 1166 3522 in
1179 3482 1256 3538 terga
1264 3473 1392 3524 victorum

315 3542 328 3590 1
340 3536 539 3603 Carthaginem]
551 3538 609 3600 Cui,
617 3539 687 3588 vieto
697 3541 723 3589 in
732 3538 824 3592 Africa
846 3554 907 3590 oum
918 3539 972 3590 suis
981 3541 1071 3592 sevire
1084 3539 1173 3604 capim
1187 3539 1261 3604 quod
1270 3555 1393 3607 magnum

280 3607 417 3668 Annibale,
428 3606 504 3656 duris
518 3605 709 3658 conditionibus
719 3621 772 3674 pax
783 3606 824 3658 fu·
848 3614 1008 3658 momentum
1019 3605 1111 3658 attulit
1121 3605 1253 3657 vietorirer
1264 3609 1310 3657 Ad
1315 3611 1395 3674 Cyno-

279 3685 480 3726 eratooncessa.
578 3669 585 3686 ’
726 3675 727 3678 ’
848 3674 969 3739 cephalos
988 3673 1160 3727 tn'chessatta
1178 3680 1327 3741 pugnatum
1345 3683 1394 3724 est.

314 3739 456 3804 wellin]
477 3743 548 3800 Qua,
561 3738 645 3804 captis
662 3737 679 3790 ir
696 3741 825 3792 Marcello
848 3743 972 3806 Polybius.
1430 3797 1431 3800 Ἴ

281 3808 425 3874 Syracusis,
437 3809 464 3858 in
481 3810 655 3860 Romanorum
667 3815 825 3874 potestatem
882 3811 898 3858 6
910 3813 1018 3860 Fractne
1028 3805 1202 3873 itaqnebella]
1214 3808 1332 3860 Amissis
1342 3825 1395 3860 ess·
1430 3819 1431 3860 l

281 3883 340 3929 tota
352 3883 465 3926 venerat.
721 3921 725 3929 ,
848 3875 908 3936 tris,
919 3883 981 3926 octo
998 3876 1115 3927 millibus
1129 3871 1144 3925 ὲ
1158 3877 1214 3926 suis
1226 3879 1311 3938 caesis,
1323 3878 1396 3942 quin-

314 3939 506 4007 Slliepaninm]
525 3937 727 4010 Cujus'partem
745 3941 827 3992 maxi·
848 3957 901 4007 que
923 3941 1019 4009 captis,
1040 3943 1171 3994 Larissam
1196 3944 1292 3994 versus
1315 3944 1394 4009 fugit»

281 4024 350 4062 mam
362 4004 476 4073 primiun
488 4010 517 4056 P.
524 4017 551 4058 et
560 4011 606 4058 Cn.
615 4009 761 4074 Scipiones,
768 4015 824 4058 tom
848 4007 903 4068 ubi,
916 3997 982 4060 curri
989 4009 1091 4060 audiret
1103 4009 1183 4060 urbes
1194 4011 1298 4062 circum
1309 4009 1396 4078 jacen·

269 4075 419 4142 Cornelius
436 4074 537 4139 Scipio,
548 4081 627 4144 capta
640 4076 709 4126 norb
721 4075 827 4128 Cartha·
848 4083 887 4126 tes
905 4076 1021 4128 cessisse
1036 4077 1128 4126 victori
1145 4078 1219 4130 misit
1239 4077 1396 4133 caduceato-

282 4146 353 4210 gine,
365 4143 514 4210 subegerat
849 4158 906 4194 rum
918 4159 978 4196 eum
990 4143 1044 4194 filio
1054 4145 1304 4212 Demetrioobside;
1318 4143 1395 4210 cujus

315 4213 407 4262 ocum
419 4211 533 4276 Philippo
545 4208 641 4272 perere]
657 4203 826 4274 Longb'islli·
849 4211 982 4275 preoibus,
998 4211 1130 4262 concessis
1144 4209 1161 4262 i
1178 4213 1305 4270 Flaminio
1322 4211 1395 4264 indu-

282 4281 328 4325 tur
348 4277 482 4328 lustinus:
518 4290 567 4326 nec
589 4277 657 4326 enim
679 4291 744 4340 puer
770 4273 826 4328 tuni
849 4277 907 4339 ciis,
929 4277 1021 4344 Legati
1043 4281 1153 4330 Romam
1175 4280 1208 4332 de
1231 4295 1298 4346 pace
1322 4279 1394 4332 missi

283 4349 342 4390 erat
353 4343 502 4410 Philippus,
512 4343 558 4410 qui
575 4351 650 4392 natus
663 4359 744 4393 annos
756 4345 798 4404 38,
811 4341 826 4394 i
849 4353 919 4397 sunt.
952 4345 995 4396 Ital
1009 4347 1129 4400 Zonaras.

284 4406 397 4460 trinnis
406 4421 536 4480 regnaret,
545 4407 606 4462 ciem
617 4410 826 4480 {psehlamini'us
