2894 4920
342 244 545 310 Ltux1v.
590 243 692 308 CAP.
711 243 854 310 111.1v.
1243 249 1301 314 tet

95 414 195 480 CA-P.
212 409 651 498 11u¹Acpesneonmeum
664 415 853 500 Antigonum
864 415 966 478 venire
981 433 1045 486 cum
1061 414 1146 482 eicer-
1159 435 1305 500 merinrgp

54 501 114 564 citu
128 502 300 564 nuntiatum
321 518 412 577 esset,
427 502 583 584 compellit
604 523 657 564 eos
680 503 711 564 in
730 504 827 562 aciem
844 497 1042 562 descendere.
1087 503 1295 576 lbjpaspotem

53 587 127 650 dum
153 585 241 650 ducis
267 587 396 668 imperia
416 603 625 668 contemnunt,
648 586 784 650 hostium
804 589 918 649 virtute
940 569 1293 700 ²⁵⁰pef³¹³t⁰¹⁹⁶lillyniellili

53 669 89 732 In
106 693 144 734 eo
158 672 260 753 praelio
275 692 335 734 non
351 673 480 754 gloriam
503 671 626 735 tantum
640 687 686 735 tot
701 673 863 744 bellorum,
877 694 948 734 curu
965 669 1146 754 conjugibus
1156 701 1302 751 Anlsm.

49 773 83 818 et
96 757 208 830 liberis,
223 758 277 822 sed
294 773 325 820 et
340 759 468 840 praentia
483 758 574 839 longi
590 758 699 821 milito
719 774 814 842 partu,
829 758 1041 838 perdiderunt.
1086 755 1148 820 Sed
1156 767 1194 814 ot.
1208 767 1262 814 116.
1276 767 1300 816 2.

51 840 217 917 Eumenes,
236 840 290 924 qui
312 858 421 906 auctor
442 843 537 904 cladis
560 858 636 918 erat,
655 863 712 904 nee
734 843 825 906 aliam
843 864 929 924 spem
953 842 1060 906 salutis
1079 833 1298 902 τεΙί-ἨΜ·438

49 947 140 1012 quam
157 919 298 1003 habebat,
312 927 412 992 victos
427 929 616 991 hortabatur.
641 927 772 990 Numer
787 929 900 990 uirtute
912 949 961 990 eos
977 927 1149 1011 superiores

40 1011 143 1095 fuisse
157 1013 345 1076 affirmabat:
361 1015 472 1099 quippe
486 1015 522 1074 ab
537 1015 586 1076 llis
601 1014 842 1097 quinquemillia
856 1015 984 1074 hostium
1000 1034 1093 1074 coesa:
1111 1023 1151 1088 et,

47 1099 75 1161 si
89 1096 122 1158 io
137 1097 369 1182 &dispertient
385 1100 463 1160 ultro
479 1101 578 1160 ltostes
589 1112 692 1180 pacem
702 1097 863 1184 petituros.
893 1098 1026 1174 Dumna,
1042 1098 1151 1182 quibus

28 1187 33 1221 ¹
48 1203 78 1246 se
91 1183 186 1246 uictos
196 1195 316 1266 putent,
328 1185 386 1246 duo
401 1185 496 1248 millia
510 1185 676 1258 mulierum,
687 1197 716 1246 et
724 1195 838 1265 paucos
854 1183 996 1268 insontes,
1009 1195 1038 1246 et
1051 1184 1150 1246 seroi-

47 1269 90 1330 tio
109 1290 187 1344 pesse,
200 1289 266 1354 que
287 1268 395 1333 melitis
414 1269 557 1332 uincendo
571 1269 694 1352 possint
710 1281 864 1355 reparare,
885 1266 975 1354 qncim
990 1269 1157 1346 deserendo

47 1355 216 1416 victoriam.
252 1354 367 1417 ειΡοττο
377 1353 627 1437 Argyraspides,
642 1354 856 1440 nequesugom
871 1377 904 1416 se
919 1367 1086 1418 tentaturos
1101 1356 1149 1416 di·

47 1441 1149 1526 cunt‚postdomnapetrimoniorum,nequebellumgestnroscontrolibe-

47 1545 96 1586 ros
109 1545 200 1594 suos;
216 1526 359 1605 ultroque
375 1547 447 1589 eum
463 1527 607 1590 convitiis
623 1527 751 1608 agitant,
766 1521 861 1612 hquid
871 1549 903 1588 se
911 1539 982 1608 post
997 1539 1039 1590 tot
1054 1545 1149 1610 onnes

46 1612 234 1674 emeritorum
248 1611 478 1694 stipendiorum,
493 1613 649 1674 redeuntes
661 1613 776 1682 domurn
788 1631 853 1672 mim
864 1613 1000 1698 premiis
1012 1625 1055 1674 tot
1064 1613 1148 1673 bello-

46 1716 122 1768 rum,
134 1697 172 1756 ab
183 1697 251 1778 ipsu
262 1697 403 1759 missione
414 1717 522 1761 rursus
533 1696 565 1756 in
577 1717 684 1758 nouam
696 1698 844 1769 militium,
857 1699 1054 1780 immensoque
1065 1697 1150 1770 bello,

44 1782 242 1854 revocaverit,
251 1792 279 1842 et
291 1778 310 1840 ci
323 1778 510 1862 loribusjom
521 1778 817 1864 quodaminodo'suis,
827 1793 855 1840 et
866 1779 902 1840 ub
911 1783 975 1861 ipso
985 1782 1086 1842 linrinc
1093 1794 1150 1862 pu·

43 1866 112 1926 trice
126 1865 279 1938 obductos,
295 1865 436 1928 inanibus
447 1866 612 1947 promissio
627 1859 792 1948 deceperit.-
807 1885 886 1927 nunc
900 1886 1016 1949 quoque
1029 1865 1152 1926 arnissis

45 1951 180 2012 omnibns
190 1949 310 2032 soelicis
324 1951 440 2022 militiae
454 1951 624 2035 questibus,
639 1972 676 2012 ne
690 1952 785 2012 uictos
803 1951 921 2037 quidem
942 1957 976 2012 iu
997 1953 1108 2013 misera
1123 1959 1152 2011 et

45 2035 127 2118 inopi
139 2039 263 2099 senectti
278 2037 432 2121 quiescere
441 2037 533 2098 sinat.
558 2035 695 2116 ³Ignnris
707 2037 820 2098 deinde
833 2035 974 2110 ducibus,
986 2035 1153 2098 confestim

44 2123 83 2182 ad
101 2122 298 2204 Antigonum
313 2121 431 2202 legatos
446 2123 585 2197 mittunt,
597 2137 735 2203 petentes
750 2135 784 2184 ut
798 2145 855 2184 suo
872 2121 957 2192 reddi
965 2121 1084 2206 jubent.
1119 2123 1150 2183 Is

44 2208 232 2269 redditurum
246 2229 279 2268 sc
293 2207 465 2292 pollicetur,
478 2207 507 2269 si
523 2207 685 2270 Eumenem
700 2209 759 2270 sibi
775 2209 908 2270 tradant.
937 2205 1062 2280 Quibus
1077 2229 1150 2290 cog·

44 2294 127 2368 uitis,
142 2291 301 2356 Eumenes
317 2313 388 2354 cum
405 2294 511 2375 paucis
525 2293 647 2374 ⁴fugere
663 2293 811 2355 tentavit:
832 2296 888 2354 sed
902 2309 1064 2368 retractus,
1079 2295 1158 2368 des·¹

46 2379 158 2460 peratis
173 2378 280 2455 rebus,
295 2399 366 2441 curn
383 2397 550 2440 concursus
571 2377 781 2440 multitudinis
797 2376 896 2444 factus
913 2394 1005 2456 esset,
1024 2379 1101 2460 petit
1116 2394 1151 2442 ut

44 2479 237 2545 postremum
252 2465 311 2526 sibi
326 2464 441 2545 alloqui
457 2463 629 2524 exercitum
643 2463 761 2526 liceret.
1032 2473 1035 2498 ·
1105 2507 1130 2526 .»

16 2585 17 2588 ¹
86 2549 191 2612 CAP.
201 2547 264 2612 lv.
279 2549 391 2630 Jussus
402 2550 440 2610 ab
450 2547 603 2612 universis
614 2547 730 2623 dicere,
741 2547 823 2612 lacto
833 2547 966 2622 silentio,
977 2549 1149 2631 laxatisque
1159 2569 1280 2619 nme,

43 2634 185 2713 vinculis,
197 2637 359 2720 prolatam,
370 2635 449 2696 sicut
458 2647 524 2698 erat
533 2647 700 2705 catenatus,
712 2654 838 2698 manum
850 2633 1003 2696 ostendit:
1018 2635 1151 2696 Comitis
1159 2638 1189 2706 ap
1202 2639 1285 2700 sttru-

45 2722 161 2802 milites,
178 2721 293 2804 inquit‚
306 2719 442 2784 liuditum
462 2731 553 2804 utque
574 2732 750 2798 ornamento
769 2721 853 2784 ducis
870 2721 975 2799 uestri,
990 2742 1055 2805 qrtae
1076 2705 1282 2832 mihiililg'ilo

554 2834 557 2841 ·
1160 2839 1283 2888 traditos

447 2937 743 2987 tNTuuPuttTntto.

74 3105 90 3140 a
101 3092 287 3159 Argyraspides
299 3093 390 3142 dicunt
400 3107 426 3139 te
441 3107 488 3140 non
502 3099 586 3155 orrep·
607 3094 641 3140 liu
650 3101 674 3140 et
683 3063 947 3156 uttrrm'dtfficttemtnm
956 3093 1063 3142 redirent
1073 3091 1152 3154 inps.
1246 3075 1247 3080 ¹

40 3168 109 3208 turer
119 3161 225 3228 sugunt,
238 3160 381 3228 conjugibus
396 3161 447 3225 ente
464 3160 585 3224 cuptisab
608 3162 680 3206 trium
691 3162 857 3224 comprensis
869 3175 920 3221 que
932 3161 1066 3222 retulerunt
1078 3159 1106 3205 in
1118 3166 1152 3206 tot
1262 3167 1283 3244 ο
1312 3227 1314 3232 Ι

45 3225 155 3292 hostibus.
608 3227 800 3288 bellirinont'bus
807 3234 1152 3290 pertotonuosurmugesse·

72 3290 90 3342 'b
107 3293 182 3354 Quid
190 3296 255 3360 ipsos
266 3293 398 3344 mansero
407 3294 443 3342 od
451 3306 514 3343 nouo
522 3299 585 3358 pre·
608 3303 673 3342 rnrtr.
956 3301 959 3308 ’

534 3447 649 3504 NOTAE.

44 3590 116 3644 derna
128 3581 390 3708 poni'jussitssopue
401 3590 585 3657 omnesquoti·
607 3590 655 3652 vit,
680 3587 777 3642 iterittn
800 3587 942 3656 confligere
965 3590 1079 3651 cistulis
1102 3593 1151 3644 sed

41 3657 83 3710 die
95 3661 285 3718 convenire,ut
295 3657 331 3709 lbi
361 3674 376 3710 e
388 3659 496 3724 summis
507 3659 584 3710 rebus
606 3655 705 3708 frustrir
719 3657 912 3724 Argyraspidas
925 3658 1044 3710 hortatus
1060 3667 1103 3710 est
1116 3659 1151 3710 ad

44 3727 150 3776 consilia
163 3735 319 3789 caperentur
608 3739 730 3789 pugnarn,
749 3725 796 3790 qui
817 3726 842 3776 in
866 3726 987 3777 mulieres
1007 3736 1035 3776 et
1054 3727 1151 3777 liberos

74 3789 322 3857 mopsocrenen]
342 3793 401 3842 Jatn
412 3791 546 3855 Euphrate
558 3797 586 3839 et
609 3799 700 3853 captos
715 3791 748 3840 ab
759 3793 890 3858 Antigono
909 3807 1027 3859 pugnare
1043 3795 1152 3844 recusa·

42 3859 152 3924 Tigride
170 3869 303 3924 superato,
326 3858 407 3908 semel
424 3856 584 3923 Antigonum
608 3865 677 3906 runt.

41 3938 119 3992 prope
132 3924 268 3976 Gabienen
281 3927 390 3979 vicerat.
423 3942 430 3955 ·
588 3917 590 3931 '
641 3925 656 3974 3
668 3925 771 3990 Ignaris
781 3923 905 3988 domitu]
925 3927 1150 3978 Testeturtaroeu

71 3997 87 4046 2
102 3991 285 4058 Superuntun]
302 3993 450 4055 Antigonus
462 3993 584 4042 Eumenis
609 3991 765 4040 Plutarchus
777 3995 890 4057 Legatos
901 3990 1042 4044 &Teutone
1054 3991 1150 4042 missos

41 4057 241 4123 impedimentis
252 4060 350 4124 potitus
361 4060 515 4110 Peucesten
527 4061 586 4108 Per·
607 4058 639 4106 sd
660 4058 821 4124 Antigonum
839 4066 871 4108 ut
881 4059 1075 4124 ,impedimenta
1091 4057 1152 4110 red·

41 4125 104 4178 siclis
123 4123 279 4191 praesectum
295 4142 355 4178 eunt
376 4125 431 4177 suis
454 4125 480 4174 in
495 4125 584 4190 fugam
606 4125 690 4176 deret.

40 4195 119 4244 vertit
129 4215 136 4243 s
148 4192 201 4244 sed
212 4195 350 4252 numeres,
360 4201 450 4244 cestus
462 4198 509 4240 aut
518 4191 584 4240 mori
639 4193 766 4258 dingere
777 4192 899 4256 tentavit]
909 4191 1019 4245 Fraudis
1029 4190 1150 4256 ignarutn

40 4267 87 4308 aut
101 4260 221 4315 vincere,
234 4258 355 4326 equitatu
371 4259 405 4326 ad
423 4273 452 4310 se
468 4268 586 4322 recepto,
605 4256 623 4309 ὲ
635 4257 980 4323 multitudineoppressutn,
992 4268 1019 4308 et
1032 4257 1149 4313 manibus

41 4324 163 4392 utrinque.
176 4327 296 4378 bostium
314 4326 398 4376 inillis
415 4325 501 4378 ondit.
534 4327 586 4374 Ubi
607 4332 669 4390 post
691 4332 798 4390 tergum
816 4326 914 4390 ligatis,
934 4331 1095 4388 pertensium
1115 4326 1149 4378 ad

39 4397 120 4459 capte
129 4394 162 4446 ab
171 4393 307 4462 meone
315 4392 505 4461 impedimenta
515 4391 588 4474 audi·
608 4391 698 4449 nostes
711 4391 807 4447 scribit
819 4389 985 4463 Plutarchus.

1053 4509 1062 4538 1

1158 899 1305 951 Anto-313.

1391 859 1396 886 l
