2894 4920
728 243 916 332 Jusrtru
1046 287 1052 328 ,

271 415 413 506 Harpalo
435 416 595 503 suriani
620 417 835 484 crudelitatem
860 415 1036 484 Alexandri
1057 415 1195 502 iugera,
1213 413 1279 500 qud
1304 418 1390 484 civi·
1434 441 1435 506 j

271 521 368 572 tatem
384 508 416 570 in
431 503 574 591 ejusdem
590 505 765 570 Alexandri
784 505 900 570 bellum
921 505 1105 588 impelleret,
1119 501 1203 567 font,
1220 503 1391 586 ¹Megaris
1434 521 1435 540 ³

270 595 447 658 'exulabatt
471 592 581 674 quint
602 592 734 679 missurn
755 592 794 653 ab
810 589 1067 666 Atheniensibus,
1083 589 1281 674 Hyperidem
1296 593 1391 674 lega-
1434 597 1435 626 ³

268 693 341 744 tum
353 680 511 764 cognovit,
526 678 580 761 qui
595 677 859 760 ³Peloponnenses
872 679 904 740 in
919 677 1099 740 societatem
1114 695 1274 740 armorum
1296 677 1390 740 solli·
1434 677 1435 682 ’

271 765 393 844 citaret,
414 782 564 848 sequutus
586 783 670 842 eunt,
690 763 850 846 ⁴Sicyone,
870 761 993 846 ‘Argos
1015 777 1047 824 ct
1070 759 1269 838 Corinthum,
1288 778 1390 826 caete-

271 872 384 935 raeque
399 851 552 926 civitates,
567 848 742 934 eloquentia
756 851 812 912 sui
829 848 1074 924 Atheniensibus
1084 846 1202 932 junxit.
1226 847 1278 910 Ob
1296 849 1392 930 quod

172 991 175 1002 .
271 936 510 1014 faetum,1nissb
531 937 570 1000 ab
586 933 831 1003 Atheniensibus
852 930 978 998 obviint
999 953 1089 1010 nave,
1102 933 1155 996 ⁶ab
1177 933 1274 996 exilio
1288 953 1388 996 revo-

271 1039 370 1104 catur.
414 1023 547 1087 Interim
562 1023 595 1086 in
610 1020 770 1084 obsidione
786 1019 960 1104 Antipatri,
974 1019 1179 1094 Leosthenes,
1193 1020 1261 1082 dux
1277 1021 1388 1082 Athe-

270 1109 438 1182 niensium,
451 1110 528 1173 ⁷telo
547 1106 566 1169 ὲ
586 1108 685 1171 muris
703 1107 737 1170 in
750 1119 960 1170 transeuntem
975 1106 1074 1189 jacto,
1088 1103 1253 1170 occiditur.
1300 1103 1386 1181 Qua
1435 1167 1436 1174 ,

270 1215 322 1259 res
347 1193 471 1260 taurim
496 1194 670 1258 animorum
697 1191 865 1276 Antipatro
889 1192 988 1266 dedit,
1010 1205 1045 1254 ut
1067 1191 1308 1255 etiamnullum
1332 1212 1385 1254 re-
1435 1211 1436 1260 ;

269 1281 413 1345 scindere
428 1281 570 1344 auderet.
613 1277 781 1342 Auxilium
796 1279 909 1342 deinde
925 1273 1100 1342 assonare
1114 1297 1170 1359 per
1189 1280 1310 1360 legasse
1325 1299 1382 1360 pe·
1435 1295 1436 1306 ¹

270 1367 328 1432 titt
345 1367 401 1449 qui
416 1363 491 1434 clam
504 1367 609 1430 venire
625 1385 696 1428 cum
711 1364 851 1426 exercitu
862 1363 1022 1428 nuntiatus
1032 1377 1125 1439 esset,
1136 1362 1222 1426 obvii
1234 1363 1264 1424 ei
1278 1363 1387 1426 Athe·

202 1459 207 1470 '
270 1453 395 1520 nienses
409 1471 481 1514 cum
497 1450 654 1516 instructis
669 1450 767 1533 copiis
776 1449 879 1525 lubre,
891 1449 996 1533 ibique
1011 1449 1163 1532 *equestri
1175 1449 1280 1530 praelio
1291 1450 1387 1532 gravi

199 1577 201 1582 ·
270 1539 399 1602 vulnere
415 1539 496 1602 ictus
512 1537 715 1620 extinguitur.
760 1529 940 1618 Antipater,
953 1537 1077 1598 tameui
1093 1535 1209 1598 auxilia
1223 1536 1389 1598 sua‘vide-

250 1639 319 1702 ,ret
333 1625 428 1703 victa,
446 1636 546 1686 morte
561 1637 666 1686 tamen
680 1621 814 1686 Leonati
828 1621 947 1687 laetatus
963 1636 1028 1684 est:
1051 1622 1167 1705 quippe
1183 1636 1218 1684 et
1233 1623 1387 1688 amulum

270 1711 439 1786 sublatum,
453 1725 485 1772 et
500 1708 582 1774 vires
597 1707 669 1793 ejus
681 1707 831 1772 accesisse
846 1707 907 1770 sibi
923 1707 1145 1790 gratulabatur.
1182 1706 1312 1770 ‘Statim
1324 1707 1384 1791 igi-

271 1807 324 1860 tur
338 1795 479 1860 exercitu
494 1795 563 1881 ejus
577 1809 793 1878 reecpt0,cunr
810 1813 870 1879 par
881 1791 1023 1859 hostibus
1034 1793 1128 1856 etiarn
1142 1793 1246 1877 prelio
1260 1793 1386 1856 videre·
1436 1811 1437 1848 ὲ

270 1895 334 1961 tur,
354 1883 474 1962 solutus
495 1881 668 1958 obsidione,
688 1881 719 1944 in
743 1880 968 1944 Macedoniam
990 1881 1153 1944 concessit.
1196 1874 1386 1944 Graecornm

271 1987 399 2052 qunque
415 1967 522 2047 copiae,
534 1966 646 2030 finibus
662 1965 796 2030 Graeciae
811 1967 899 2028 hoste
918 1967 1018 2047 pulso,
1029 1965 1061 2027 in
1076 1966 1168 2028 urbes
1184 1967 1325 2046 dilapsae.

315 2051 420 2118 CAP.
432 2051 495 2116 v1.
516 2048 641 2116 Interci
658 2051 821 2132 Perdicca,
832 2050 913 2116 bello
927 2050 1118 2132 ⁹Ariarathi,
1132 2053 1201 2138 regi
1217 2051 1386 2136 Cappado-

674 2264 971 2324 montenusio.
1011 2281 1013 2287 ’

273 2513 291 2561 Β
304 2457 321 2492 a
332 2437 482 2562 Ambit
492 2441 599 2506 accepite
611 2439 717 2492 naemu
727 2443 810 2506 copiis,
821 2436 877 2491 crlm
885 2441 1012 2492 videretur
1020 2445 1070 2506 pur
1080 2439 1186 2492 hanins
1196 2443 1271 2490 eriam
1282 2441 1388 2506 adpre·
1436 2419 1438 2426 ¹

292 2527 350 2562 amr
441 2525 480 2560 tar.

446 2683 462 2713 .
765 2627 905 2740 norm)

305 2816 471 2882 tuasgerat]
480 2813 550 2866 Urbs
561 2809 648 2866 media
655 2814 724 2864 inter
735 2812 817 2864 Athe·
871 2814 889 2864 4
903 2813 1025 2878 aleym]
1040 2811 1140 2864 Urbem
1151 2813 1335 2878 Peloponnesi,
1345 2811 1389 2866 Si·

270 2899 319 3002 lm
335 2891 364 2935 et
379 2883 545 2944 Corinthum,
557 2897 608 2932 nnn
622 2881 717 2948 procul
734 2881 767 2930 ab
783 2883 816 2930 n-
838 2879 937 2998 cylllid
953 2881 1026 2948 regis
1043 2889 1135 2948 caput,
1147 2883 1389 2934 intentiorintbum
1438 2935 1439 2950 ,

282 2952 347 3002 susi.
838 2959 865 2999 et
909 2947 987 2998 lem.
1438 2987 1439 3004 2

304 3021 321 3071 2
339 3017 487 3080 Excitabat]
508 3011 625 3066 Primlun
646 3013 814 3065 Atheniensi·
872 3013 998 3080 surgen]
1009 3014 1121 3079 Triplex
1130 3013 1190 3066 fuit.
1225 3015 1248 3064 1.
1258 3015 1388 3082 Pelopon·
1438 3013 1439 3018 ’

269 3084 321 3136 bus
341 3094 434 3137 auctor
455 3083 542 3134 fuerat
562 3081 762 3142 Demosthenes,
784 3089 814 3132 ut
836 3082 979 3142 nesiacurn,
995 3083 1084 3148 Argiae
1101 3081 1217 3150 regionis
1233 3094 1387 3148 caput,non

270 3153 406 3220 abigerent
415 3153 574 3216 Harpalum:
593 3148 641 3200 sed
653 3147 733 3223 pauld
743 3147 814 3214 pbst,
836 3149 930 3216 procul
939 3149 1096 3204 acorintho.
1121 3153 1144 3204 2.
1157 3149 1387 3214 Amphilochium,

271 3219 335 3270 dum
348 3229 499 3270 numeratur
510 3217 582 3267 illius
593 3219 713 3281 pecunia,
722 3217 815 3268 calicis
838 3219 865 3267 in
881 3217 971 3282 Epiro,
988 3218 1056 3268 inter
1069 3217 1237 3268 Ambracium
1253 3217 1344 3268 sinum
1355 3227 1386 3268 et

269 3287 342 3336 aurel
357 3284 521 3336 desiderium
533 3299 586 3348 pre
596 3299 626 3333 se
638 3283 716 3341 tulin
734 3299 813 3350 quem
838 3285 984 3335 Acheloum
997 3283 1113 3336 nuvium.
1139 3287 1163 3336 3.
1176 3283 1386 3350 Pelasgicumin

268 3361 346 3402 nocte
363 3351 492 3428 sequenti,
511 3366 572 3402 curn
595 3353 628 3402 20
646 3351 763 3412 talentis,
781 3351 815 3402 ad
837 3349 1261 3421 Thessalialurisseproximum.
1275 3355 1386 3402 Dictum

269 3433 332 3497 enm
347 3419 420 3468 misit
437 3419 582 3482 Harpalus:
599 3427 655 3467 turn
673 3417 715 3496 illi
727 3417 815 3470 farere
837 3419 917 3472 etiam
935 3422 1022 3495 Argos
1040 3420 1174 3486 Hippiam,
1188 3417 1220 3468 ab
1238 3425 1326 3484 equis,
1337 3420 1386 3486 qui

266 3483 648 3619 attinuisset&
658 3483 814 3604 sturni
836 3487 1196 3616 tertullianus
1209 3551 1333 3618 nim
1350 3551 1387 3604 n

267 3617 415 3681 damnatur,
436 3628 464 3672 et
485 3619 513 3670 in
534 3619 638 3672 vincula
659 3620 814 3688 conjicitur:
835 3633 896 3670 eum
908 3621 1021 3682 triremi,
1037 3635 1073 3672 ex
1085 3621 1191 3681 Pireaeo,
1205 3620 1231 3670 in
1245 3619 1339 3670 urbem
1351 3619 1386 3670 ab

268 3687 317 3738 sed
332 3686 366 3736 ob
382 3686 561 3738 valetudinem
583 3687 694 3738 serendo
713 3687 813 3741 cuceri
837 3686 961 3738 universi
974 3688 1083 3740 civitate
1095 3689 1128 3738 ad
1140 3695 1231 3753 portas
1242 3684 1329 3738 effusa
1340 3701 1390 3738 ex-

267 3749 330 3806 cdm
341 3753 424 3820 impar
432 3763 513 3814 esset,
524 3754 586 3806 aliis
595 3753 812 3817 faventibus,dis-
835 3763 930 3822 ceptus
941 3762 993 3806 eet.

268 3821 451 3872 simulantibus
460 3822 528 3882 aliis,
538 3821 601 3890 fuga
610 3821 660 3872 sibi
670 3823 812 3884 consuluit,
868 3821 1387 3886 iTebdnrnrae.]Dumbeostheneacn-

267 3897 295 3940 et
308 3887 425 3953 Megaris
439 3889 568 3940 substitit.
836 3895 913 3938 natur
929 3904 1006 3954 opem
1018 3890 1087 3942 iesse
1098 3889 1163 3950 suis,
1175 3903 1240 3940 saxo
1255 3890 1387 3952 incapite

301 3957 538 4021 Numerianum]
556 3953 607 4014 Qui
620 3956 774 4008 habitabant
786 3956 811 4004 in
836 3955 904 4006 ictus
913 3958 1025 4019 corruit,
1034 3958 1110 4024 eique
1121 3955 1275 4022 Antiphilus
1284 3955 1389 4008 suffici·

267 4024 331 4074 Pelo
350 4025 458 4074 ennensi
469 4024 606 4087 peninsult
616 4024 722 4074 Graeciae
733 4024 812 4072 maxi·
835 4029 887 4071 tur.

266 4039 486 4149 maduerimus
497 4092 611 4141 extensa
619 4090 653 4140 ad
664 4089 810 4140 Taenarium
869 4090 885 4140 8
907 4091 1026 4155 Equester
1046 4087 1153 4155 pratu]
1191 4090 1388 4142 Thessalorum

265 4159 480 4222 promontorium.
513 4159 581 4207 Octo
594 4165 683 4222 partes
695 4155 811 4207 contine·
833 4157 955 4222 equitum
966 4160 1063 4209 virtute
1074 4157 1164 4208 rictus
1178 4159 1325 4210 etoce'nus
1341 4165 1390 4209 est

265 4223 321 4280 but,
331 4225 455 4276 Achaiam
468 4226 573 4291 proprie
582 4220 693 4285 dicum,
702 4225 811 4274 Arcadi·
835 4227 972 4276 leonatus.

266 4304 318 4348 am,
330 4293 448 4357 Argiam,
457 4290 629 4352 Corinthiun,
638 4292 752 4351 Elidem,
764 4295 811 4342 La·
867 4290 1046 4353 nasama]
1063 4293 1126 4348 Quas
1143 4291 1187 4358 bic
1199 4291 1234 4342 de
1246 4293 1390 4358 cappado-

264 4357 378 4434 contam,
407 4361 576 4426 Messeniam,
600 4365 631 4412 et
657 4358 811 4428 Sicyonium.
834 4359 908 4410 cibus
920 4357 1002 4408 refert
1014 4361 1145 4420 tustinus,
1154 4359 1190 4412 de
1200 4359 1313 4412 laurlis
1321 4371 1390 4414 nar·

264 4423 454 4478 Nuncdtcitur
465 4428 564 4479 Mareu
833 4434 875 4479 rat
885 4425 1005 4493 pluribus
1017 4424 1157 4479 Diodorus.
