2886 4906
343 285 345 290 ,
386 245 477 313 LlB.
494 241 642 319 xxm„
671 246 776 364 CdP.
793 238 845 316 ΙΙ.Δ

67 421 258 508 Agathocles
273 421 314 487 sd
328 437 447 486 asenam
470 419 627 494 invitatos,
642 441 681 482 ne
703 423 876 486 exercitum
898 422 1001 508 trajici
1017 425 1171 500 siderent,

66 512 112 572 ²in
126 525 285 594 posterum
297 509 408 572 statuti
418 507 468 571 his
479 505 544 582 die,
559 511 726 570 conscensi
740 523 830 586 nave,
841 507 1006 574 frustratus
1018 528 1075 576 est.
1107 511 1171 576 Sed

66 595 185 660 fraudis
201 595 284 658 haud
300 595 386 656 latus
401 607 534 657 eventus
547 592 626 654 luit:
643 593 800 676 siquidem
815 595 930 660 reverti
943 617 1016 658 eum
1028 597 1059 658 in
1071 597 1172 661 Sicili-

64 701 128 758 am,
138 679 309 764 interjectis
324 679 430 762 paucis
442 677 565 756 diebus,
575 677 624 740 vis
640 681 740 742 morbi
756 681 873 764 coegit,
884 703 948 764 quo
963 697 1029 745 toto
1045 703 1175 768 corpure

65 767 316 850 comprehensus,
330 763 401 850 bper
411 785 519 828 omnes
530 785 642 828 nervos
658 766 866 850 articulosque
878 767 1010 830 humore
1026 769 1174 852 pestifero

66 867 234 936 grassante,
249 853 335 915 velut
353 852 497 915 intestino
513 851 708 932 singulorum
724 854 937 917 membrorum
954 853 1035 916 bello
1051 856 1175 938 impug·
1226 923 1230 933 ¹

65 936 211 1010 scribatur.v
251 937 302 1000 Ex
323 940 383 1018 quai
397 937 612 1018 desperatione
628 937 743 998 bellum
759 939 838 1001 inter
854 939 952 1002 lilium
968 956 1176 1022 nepotemque

65 1023 145 1108 ejus,
159 1045 292 1106 regnum
312 1023 380 1106 jam
397 1021 485 1106 quasi
505 1021 620 1084 mortui
634 1022 827 1086 vindicantes
846 1027 966 1086 oritur:
991 1026 1096 1088 occiso
1112 1025 1175 1088 filio

64 1131 197 1194 regnum
213 1111 320 1190 ¹nepos
336 1107 511 1194 occupavit.
556 1105 659 1190 Igitur
675 1105 878 1192 Agathocles,
892 1109 981 1174 cciem
1004 1111 1104 1174 morbi
1122 1133 1176 1174 cu·

65 1216 112 1273 ra,
127 1210 158 1258 ct
176 1195 331 1278 egritudo
354 1195 512 1277 graviores
527 1210 641 1270 essent,
653 1210 684 1256 et
703 1195 783 1258 inter
798 1218 831 1258 se
853 1198 948 1258 altera
964 1197 1090 1261 alterius
1110 1218 1177 1260 ma·

64 1282 96 1344 lo
110 1296 274 1354 cresceret,
284 1280 456 1362 desperatis
466 1280 570 1355 rebus,
582 1300 711 1342 uxorem
727 1301 816 1344 suam
831 1281 1028 1359 Texenamll,
1038 1282 1175 1368 genitis·
1185 1291 1199 1319 ’
1214 1289 1323 1367 viresge-

67 1387 127 1448 que
143 1385 187 1428 ex
202 1368 238 1428 ei
251 1367 332 1430 duos
348 1366 503 1448 parvulos,
519 1384 590 1428 cum
611 1367 697 1428 omni
718 1368 859 1450 pecunia,
874 1384 906 1431 et
921 1368 1050 1446 familiai,
1065 1366 1241 1454 regali-’¹⁰³⁸
1252 1357 1306 1412 ²¹¹¹·

64 1474 128 1534 que
143 1451 360 1530 instrumento,
375 1473 439 1533 quo
453 1467 563 1534 preter
585 1451 672 1514 illum
689 1475 782 1518 nemo
799 1475 909 1538 regum
927 1455 1023 1518 ditior
1038 1454 1108 1531 fuit,
1123 1477 1177 1518 na·
1217 1513 1221 1522 ,

63 1538 158 1614 ,vibus
181 1539 355 1621 impositos,
369 1535 552 1620 AEgyptum,
573 1537 657 1600 unde
679 1559 810 1602 uxorem
833 1556 1005 1624 acceperat,
1025 1541 1178 1616 remittite

65 1624 181 1691 timeus
195 1645 235 1686 ne
251 1623 431 1706 praedonem
447 1623 536 1704 regni
551 1623 601 1688 sui
616 1623 738 1686 hostem
754 1641 944 1708 pateremur.-
987 1625 1179 1710 Quanquam

65 1731 149 1774 uxor
164 1707 232 1786 diu,
246 1731 285 1774 ne
307 1711 345 1770 ab
359 1729 442 1790 aegro
464 1709 674 1786 divelleretur,
689 1710 854 1792 deprecata
876 1727 933 1786 est,
948 1709 1003 1772 dne
1022 1713 1179 1776 discessus

64 1817 144 1861 suus
160 1794 292 1878 adjungi
306 1793 428 1878 nepotis
448 1792 615 1878 parricidio
630 1811 753 1876 possem
776 1812 808 1858 et
822 1791 886 1859 ttim
900 1793 1027 1858 cruenti
1045 1796 1109 1858 haec
1124 1799 1180 1858 de·

10 1941 11 1946 ,
66 1882 204 1947 seruisse
216 1880 332 1954 virum,
345 1875 437 1961 quam
450 1879 501 1941 ille
517 1879 714 1962 impugnaisse
730 1901 824 1944 avum
839 1881 1018 1954 videretur;
1034 1881 1180 1966 Nabeqdo

58 1991 99 2040 se
109 1989 171 2030 nan
178 1979 336 2050 prospere
352 1963 482 2039 tactim,
493 1966 547 2041 sed
554 1963 797 2050 omnissortunce
810 1967 914 2030 iniisse
925 1971 1113 2039 casinatem,-
1128 1989 1182 2031 nec

66 2054 216 2116 ‘inuitam
222 2053 356 2135 periculo
372 2053 501 2136 spiritale
515 2053 563 2114 atti
578 2063 754 2134 empturum,
767 2065 802 2114 ut
816 2065 964 2116 extremes
974 2055 1037 2118 viri
1051 2057 1182 2138 spiritus

67 2140 240 2222 exciperem
263 2146 293 2202 et
307 2140 502 2222 exequiarum
523 2134 662 2225 officium,
675 2137 709 2200 in
724 2139 813 2224 quod,
826 2138 970 2224 prosecari
987 2162 1027 2218 ee,
1042 2162 1126 2204 nemo
1142 2143 1183 2208 eit

66 2241 270 2301 successurus,
279 2225 413 2310 obsequio
427 2223 530 2286 debito
540 2223 666 2308 pietatis
678 2224 826 2306 impleret.
851 2225 1058 2290 Discedentes
1067 2247 1181 2310 parvu-

67 2311 102 2390 li,
113 2311 211 2373 flebili
222 2309 341 2374 ululatu
357 2309 491 2391 amplexi
507 2327 627 2392 patrem
640 2312 794 2375 tenebant·
831 2309 883 2372 Ex
898 2311 993 2374 alteri
1005 2327 1089 2392 parte
1102 2334 1183 2376 uxor

68 2395 232 2473 maritum,
257 2415 319 2464 non
341 2394 476 2478 amplius
498 2394 604 2457 visura
628 2394 744 2456 osculis
771 2394 929 2475 fatigabat.
977 2397 1048 2458 Nec
1077 2399 1182 2460 minus

69 2483 153 2564 senis
177 2484 323 2565 lacryma
345 2479 657 2543 miserabileserant.
702 2479 729 2540 F
731 2480 832 2543 lebant
854 2479 887 2552 hi
914 2483 1099 2544 morientem
1128 2505 1182 2565 pa·

68 2586 170 2642 trem;
196 2567 248 2629 ille
272 2567 380 2628 exules
403 2565 538 2640 liberos;
560 2565 593 2626 hi
607 2563 748 2628 discessu
772 2587 830 2628 suo
852 2565 1052 2640 solitudinem
1076 2569 1184 2650 patris,

71 2645 147 2736 aegri
163 2653 267 2728 senis,
288 2653 339 2714 ille
356 2653 388 2714 in
403 2671 491 2736 spem
507 2651 596 2734 regni
611 2666 771 2734 susceptos
786 2651 920 2733 relinqui
937 2651 968 2714 in
984 2667 1120 2735 egestate
1135 2654 1183 2716 lu-

69 2741 173 2823 gebat.
208 2741 306 2802 luter
327 2737 394 2799 haec
416 2738 503 2820 regia
523 2737 637 2814 omnis,
652 2737 863 2802 assistentium
885 2737 1009 2800 fletibus
1029 2753 1092 2802 tam
1110 2730 1343 2806 ‘cru-Amm-

69 2827 150 2889 delis
166 2823 293 2889 discidii
313 2823 453 2906 impleta,
467 2823 640 2886 resonabat.
685 2821 829 2884 Tandem
847 2823 940 2886 finem
961 2823 1107 2907 lacrymis
1130 2821 1232 2887 rte-⁰¹·
1246 2819 1301 2870 12⁵.
1315 2821 1338 2866 ¹·

72 2911 201 2974 cessitas
215 2909 415 2996 profectionis
430 2909 590 2992 imposuit,
605 2923 636 2970 et
656 2927 742 2972 mors
760 2913 844 2992 regis
859 2909 1090 2991 proficiscentes
1105 2887 1345 3006 ἧὶὶοεῖζξὲξῖἓ

72 2997 324 3078 insequutaest.
369 2995 457 3058 Dum
485 2995 550 3059 haec
578 3010 723 3077 aguntur,
746 2993 1031 3080 Carthaginienses,
1053 2997 1187 3080 cognitis
1251 2991 1286 3007 ”

72 3103 144 3165 quac
160 3085 192 3145 in
209 3081 316 3144 Siciliri
337 3083 518 3165 agebantur,
532 3081 729 3146 occasionem
753 3082 849 3144 totius
871 3083 979 3144 insulae
1000 3083 1187 3165 occupandae

71 3171 178 3232 datam
199 3168 259 3230 sibi
283 3168 509 3241 existimantes,
525 3167 647 3250 magnis
668 3166 787 3232 viribus
810 3165 849 3230 ed
872 3168 1044 3254 trajiciunt²
1059 3165 1188 3231 multis-

72 3277 135 3338 que
151 3253 296 3332 ciritates
307 3253 465 3336 subigunt.

481 3399 782 3452 rusticanarum.

108 3527 125 3561 a
137 3511 190 3560 Eas
203 3512 297 3576 decepit
308 3511 438 3561 conscensa
449 3525 521 3570 naue,
526 3513 618 3576 pollici·
677 3509 749 3562 dNe
761 3513 882 3562 disceom
889 3515 967 3577 ipsius
978 3521 1028 3561 tam
1034 3515 1135 3578 grande
1144 3517 1192 3564 cri·

74 3590 115 3630 tua
126 3581 369 3628 scallocammmeos
381 3580 545 3642 disceptanti.
645 3593 697 3627 men
713 3589 783 3638 erret,
800 3579 874 3643 qadsn
887 3583 1052 3644 pcmcidt'um
1062 3580 1088 3645 sd
1106 3589 1192 3648 nepote

109 3645 126 3694 b
139 3646 208 3694 Dum
220 3647 302 3694 humor
313 3653 441 3712 comptus
448 3649 565 3708 pervadit
575 3661 621 3695 om·
646 3651 799 3694 camerinum.

46 3713 50 3722 '
73 3730 117 3763 nes
127 3726 215 3762 umor
226 3721 250 3760 et
261 3714 386 3770 aramue,
400 3716 535 3772 cruciatur,
548 3714 621 3776 quasi
679 3728 693 3760 e
707 3713 751 3761 Etr
762 3713 863 3761 libenter
879 3729 906 3761 ee
925 3717 1091 3779 expositurum
1110 3715 1193 3764 mortis

75 3781 134 3831 aeuo
143 3783 294 3829 intestinam
305 3780 533 3842 singuliememiwis.
643 3781 761 3842 pericula,
777 3777 845 3829 medd
858 3787 941 3843 ponet
956 3792 981 3830 et
999 3783 1086 3832 adesse
1105 3784 1192 3830 murita

106 3848 198 3898 cilum
210 3849 361 3896 anxietates
372 3845 505 3894 sollicitudo
519 3848 622 3908 gravio·
647 3849 764 3902 maseati.
782 3857 806 3896 et
818 3848 899 3897 mitra
914 3851 1009 3911 pietate
1020 3851 1122 3898 reddere
1136 3859 1222 3904 exe-t

75 3929 116 3965 res
128 3913 618 3976 esseratipeomandanaucensi-morbum.
647 3915 760 3973 quianam
780 3912 891 3976 ficiam,
911 3917 977 3975 qrtod
993 3931 1059 3964 mmo
1072 3915 1206 3978 facturus,

75 3990 101 4033 ct
111 3983 208 4032 morbus
220 3995 339 4030 merorem
351 3991 462 4046 augeret.
646 3981 687 4039 ct't,
699 3983 721 4029 et'
728 3981 901 4045 prqtteiscatue
913 3984 938 4032 s'n
950 3981 1094 4046 AEgpptum.

481 4140 484 4150 ,
573 4106 689 4156 NOTAE.

90 4218 258 4284 ,IRegnum
279 4215 374 4284 nepes]
395 4215 459 4273 ouis
481 4216 621 4284 Agathocli
646 4223 757 4268 mortem
768 4225 928 4284 persecutus
938 4225 986 4269 est.
1004 4219 1063 4266 Non
1075 4214 1120 4268 diu
1129 4216 1193 4272 sane

77 4285 148 4340 iilius
159 4289 253 4352 quisve
266 4299 347 4348 nepos
358 4285 447 4338 fuerit,
457 4285 556 4350 quidve
567 4299 624 4349 ges·
649 4282 719 4334 illins
731 4299 811 4350 nepos
821 4285 951 4352 regnavit,
961 4279 1020 4334 crim
1030 4283 1122 4347 paucis
1134 4295 1196 4349 post
1290 4275 1294 4292 ’

79 4352 163 4402 serint
174 4355 250 4406 ambo
264 4352 393 4402 incertum
405 4360 455 4402 est.
485 4355 624 4402 Perierunt
648 4350 723 4400 annis
745 4351 836 4405 Hiero.
860 4353 888 4402 in
917 4351 1063 4416 principem
1090 4352 1194 4406 electus

77 4417 148 4476 enim
164 4421 274 4488 Diodori
291 4418 354 4481 libri
371 4417 469 4486 quibus
481 4417 625 4488 Agathocli
647 4414 736 4472 suerit.
