2886 4906
102 268 165 334 aas
575 344 581 354 ⁴
664 305 667 316 -
724 259 913 350 Jusrrut
1004 295 1007 304 .

131 454 134 460 ’
216 517 220 522 “
252 437 402 524 prierint:
415 425 471 521 qui
482 438 609 524 denique
620 436 721 506 urben
735 439 834 522 ipson
849 435 1033 522 ²porricidio
1046 436 1255 510 conciderint,¹
1269 457 1386 504 muro-0

258 543 385 608 rumque
386 521 594 607 fundamenta
595 523 744 609 fraterno
756 525 909 608 sangnine
923 525 1121 608 asperserint.
1144 523 1261 588 AEtolos
1272 537 1386 588 autern

180 640 188 644 ·
221 671 229 693 x
256 611 431 694 'principes
446 610 568 672 Gracia
577 624 694 694 semper
697 609 806 694 fuisse
811 635 825 678 ‚·
841 621 871 671 et
884 609 964 673 sicut
977 609 1140 692 dignitate,
1155 612 1243 674 itaet
1258 611 1385 697 uirtute

161 723 165 731 ¹
256 696 375 758 soteris
384 696 581 778 prestitisse,
590 697 678 773 salas,
687 696 815 782 denique
825 717 890 758 esse
899 696 953 782 qni
965 694 1160 771 Macedonas,
1168 695 1302 780 imperio
1315 709 1382 760 ter·

257 779 531 865 rarnmflorentes,
544 794 661 868 semper
675 782 926 864 contempserint:
940 783 993 866 qni
1009 782 1183 865 Philippum
1199 801 1305 856 regem
1318 805 1389 847 non·
1439 847 1440 850 ,

257 867 435 930 timuerint:
456 869 508 953 qai
524 867 693 932 Alexandri
713 865 829 950 Magni
842 879 916 950 post
931 867 1045 932 Persas
1061 869 1212 954 Indosque
1229 869 1384 946 deuictos,

256 951 325 1015 caim
337 974 551 1016 omnesnamen
560 954 626 1032 ejus
637 955 915 1029 astremundus
924 955 1111 1038 spreverint,
1131 953 1263 1018 Monere
1272 954 1383 1038 igitur

255 1059 289 1102 ss
302 1039 467 1116 Romanos,
480 1041 613 1103 contenti
627 1040 692 1101 sint
702 1038 841 1122 sortrmd
851 1041 1011 1122 prasenti,
1025 1061 1079 1104 nec
1093 1051 1262 1124 provocent
1275 1062 1381 1119 armet,

256 1123 365 1209 quibus
376 1138 406 1188 et
416 1125 518 1189 Gallos
533 1147 634 1203 cosas,
646 1136 676 1187 et
691 1123 874 1190 Macedonas
888 1137 1071 1209 contemptos
1085 1127 1218 1188 uideant.
1243 1125 1309 1204 sie,
1324 1127 1378 1190 di-

172 1246 177 1254 ,
255 1209 353 1274 missi
366 1210 522 1294 legatione
543 1209 771 1287 Romanorum,
785 1231 824 1272 ne
840 1209 955 1276 fortiis
974 1211 1072 1274 locuti
1087 1207 1182 1294 quim
1197 1211 1313 1276 iecisse
1327 1212 1378 1276 vi-

257 1297 416 1373 derentur,
430 1297 506 1360 fines
519 1296 610 1382 Epiri
625 1296 714 1380 regni
729 1309 761 1357 et
774 1294 959 1358 Acarnaniae
975 1297 1214 1380 depopulantur.

102 1389 226 1454 olympias
301 1380 405 1444 cAP.
423 1382 490 1446 111.
505 1384 577 1463 Jam
595 1381 759 1464 Olympias
776 1381 847 1444 filiis
861 1401 958 1466 regna
975 1373 1157 1458 tradiderat,
1173 1398 1205 1446 et
1219 1382 1252 1444 iu
1267 1383 1378 1448 locum

97 1457 239 1550 5⁰⁶¹&
254 1465 370 1550 Pyrrhi
385 1468 490 1534 fratris
502 1466 642 1530 defuncti
658 1465 844 1530 Ptolemaeus
855 1466 1064 1544 successerat,
1070 1467 1126 1549 qui
1139 1465 1214 1532 sirm
1229 1467 1378 1535 hostibus

96 1537 248 1640 2¹22?ssss
256 1553 407 1617 instructo
428 1553 569 1618 exercitu
590 1552 703 1614 obvius
725 1551 939 1636 processisset,
953 1553 1134 1616 infirmitate
1150 1571 1324 1636 correptus,
1341 1556 1378 1622 in

96 1659 196 1720 sigonae
254 1637 365 1702 itinere
381 1637 517 1702 decedit.
541 1637 705 1722 Olympias
717 1656 842 1719 quoque
853 1659 916 1701 nou
932 1659 1046 1722 magno
1058 1654 1129 1722 post
1139 1655 1287 1724 tempore,
1297 1651 1376 1723 ²ge-

96 1723 209 1786 Piston·
254 1725 342 1788 mino
353 1723 499 1789 funerum
514 1725 643 1790 vulnere
655 1721 779 1798 a'fflicta,
794 1743 912 1808 aegrum
928 1723 1073 1808 spiritum
1089 1725 1225 1802 nubens,
1236 1747 1297 1790 non
1312 1727 1374 1792 diu

97 1791 196 1870 mum
255 1811 327 1876 filiis
340 1812 524 1896 supervixit.
572 1808 658 1878 Cirm
679 1831 720 1872 ex
741 1824 833 1892 gente
854 1809 942 1893 regia
964 1811 1029 1873 sola
1049 1811 1166 1874 Nereis
1182 1815 1285 1896 virgo,
1299 1835 1378 1878 oum

97 1864 206 1922 ”mm
257 1897 433 1966 Laodamia
448 1918 554 1963 sorore
577 1911 764 1980 superesset,
781 1895 898 1958 Nereis
920 1897 1008 1980 nubit
1024 1897 1137 1961 Geloni
1159 1896 1274 1960 Sicilia
1288 1899 1376 1982 regis

257 1983 341 2049 filios
360 1983 535 2046 Laodamia
549 1997 656 2044 autem
666 1980 741 2043 cum
757 1981 789 2042 in
802 2003 888 2064 aram
901 1981 1014 2043 Dianae
1028 1983 1231 2066 confugisset,
1240 2005 1374 2048 concur·

256 2091 295 2132 su
312 2067 419 2150 populi
431 2067 624 2132 interficitur.
649 2065 748 2139 Quod
759 2065 879 2130 facinus
894 2069 942 2130 dii
955 2070 1145 2130 immortales
1157 2070 1293 2134 assiduis
1309 2073 1374 2134 ola-

256 2155 350 2219 dibus
364 2153 476 2234 gentis,
487 2169 519 2216 st
529 2173 625 2236 prope
640 2153 768 2214 interitu
779 2153 876 2216 totius
887 2155 993 2236 populi
1004 2153 1254 2220 vindicavimus
1285 2157 1376 2220 Nam

256 2239 465 2320 sterilitatem,
480 2237 659 2320 famemque
675 2239 769 2320 passi,
780 2239 926 2302 intestina
940 2237 1098 2304 discordiis
1108 2242 1377 2318 vexati‚extemis

256 2325 298 2388 ad
315 2338 507 2407 postremum
522 2324 612 2388 bellis
628 2319 706 2409 pene
721 2325 897 2408 consumpti
912 2340 1004 2400 sunt;
1022 2323 1171 2410 Miloque
1188 2328 1374 2391 Laodamiae

252 2431 421 2493 ‚percussor
442 2413 475 2476 iu
491 2409 631 2475 furorem
648 2431 769 2488 versus,
783 2433 864 2476 nune
880 2411 976 2489 ferro,
989 2433 1072 2476 nunc
1091 2435 1178 2488 saxo,
1193 2415 1226 2476 in
1247 2421 1374 2480 'summa

256 2495 402 2563 dentibus
415 2496 557 2560 laceratis
566 2496 750 2572 visceribus,
762 2497 950 2561 duodecimi
960 2498 1012 2562 die
1024 2500 1151 2566 interiit
1177 2499 1239 2562 His
1250 2499 1282 2564 in
1293 2499 1373 2582 Epi-

97 2597 246 2652 Autssuts.
256 2603 292 2646 ro
308 2581 416 2666 gestis,
430 2584 600 2646 interimis
617 2582 807 2647 Macedonii
820 2583 1004 2647 Demetrius
1016 2605 1084 2664 rex,
1095 2585 1203 2648 relicto
1215 2585 1281 2649 tilio
1296 2587 1374 2650 Phi-

99 2667 139 2716 01.
153 2667 208 2720 136.
220 2665 244 2714 2.
255 2669 352 2753 lippo,
364 2670 495 2750 parvolo
507 2669 691 2742 admodum,
702 2669 839 2732 decedit.
877 2670 940 2732 Cui
955 2669 1157 2754 ²Autigonus
1166 2673 1374 2754 tutordatus,

1 2811 2 2820 ,
97 2731 243 2854 Χῃῑξὲἒὲξ
256 2756 380 2838 accepti
395 2758 427 2819 in
443 2752 678 2816 matrimonium
694 2767 792 2816 matre
813 2753 935 2836 pupilli,
955 2776 1063 2838 regem
1079 2777 1113 2820 se
1125 2757 1272 2822 constimi
1285 2758 1375 2821 labo-

240 2841 353 2904 'raban
384 2836 554 2924 Interiectu
568 2839 684 2900 deinde
698 2852 851 2920 tempore,
867 2837 942 2901 cum
957 2842 1110 2904 seditione
1125 2842 1240 2907 minaci
1255 2843 1369 2942 Mpte-

254 2928 374 2990 donum
389 2926 512 2990 clausus
533 2922 567 2985 iu
587 2925 674 3006 regii
695 2939 865 2998 teneretur,
877 2926 909 2986 in
924 2927 1083 3009 publicum
1099 2929 1166 2990 sine
1186 2929 1374 2994 satellitrbus

253 3011 407 3095 procedit,
420 3007 623 3096 projectisque
639 3010 670 3071 in
683 3009 796 3092 vulgus
808 3011 986 3074 diademate
1007 3035 1043 3075 ac
1059 3017 1206 3098 purpurei,
1219 3017 1294 3079 dore
1308 3018 1374 3080 lroec

253 3119 303 3161 eos
314 3099 406 3161 alteri
415 3101 518 3183 jubet,
534 3097 588 3180 qni
602 3107 657 3158 aut
671 3097 823 3178 imperare
837 3097 898 3160 illis
913 3099 1040 3175 nesciat,
1054 3113 1110 3162 aut
1123 3103 1173 3164 cui
1183 3113 1300 3186 parere
1310 3103 1373 3186 ipsi

253 3185 370 3246 sciant.-
391 3183 439 3248 b„ne
450 3185 549 3246 ,adnue
564 3182 748 3244 inuidiosam
762 3182 842 3246 illud
858 3203 998 3266 regnum,
1012 3207 1074 3254 non
1088 3187 1306 3271 ealrcptatibns,
1319 3189 1377 3252 sed

254 3270 405 3333 laboribus
416 3291 452 3332 aa
457 3267 605 3354 periculis
614 3269 739 3330 sentire.
764 3269 1002 3359 Commemorat
1010 3272 1125 3336 deinde
1136 3274 1289 3366 benefitia
1297 3295 1370 3339 sua:

625 3449 627 3456 ¹
660 3415 959 3491 turiuruarmo.

285 3592 367 3640 arion
373 3595 543 3657 disrupimus
543 3592 599 3657 ficit
604 3593 671 3651 siliis,
676 3594 799 3656 tangenda
821 3609 869 3642 non
879 3597 1055 3660 summatibus,
1068 3601 1158 3647 sarrire
1169 3595 1246 3665 quid
1262 3595 1373 3650 admini-

251 3668 277 3718 et
288 3658 379 3722 afflicta
391 3662 422 3708 ab
432 3671 528 3711 mortem
538 3665 638 3710 dearum
649 3657 771 3711 filiorum.
822 3670 889 3710 stret
897 3677 1001 3726 regnum
1009 3665 1079 3726 illud,
1090 3673 1200 3730 propter
1213 3666 1288 3732 quod
1299 3673 1373 3732 tants

285 3723 301 3774 b
317 3727 349 3776 Se
361 3731 481 3791 nasutis
493 3737 518 3777 et
530 3727 650 3785 laboribus
667 3725 799 3808 toleratis,
824 3729 877 3779 ollio
890 3731 1016 3780 daieattm
1328 3730 1342 3748 '¹

746 3882 862 3930 NOTAE.

218 4048 230 4071 s
286 4025 298 4077 t
320 4025 488 4087 Parricidia]
507 4025 575 4082 Quia
596 4026 731 4077 Romulus¹
746 4024 796 4076 ira-
852 4025 1021 4094 Sdntigonus
1033 4026 1123 4091 tuton]
1140 4031 1177 4080 Et
1188 4032 1279 4086 Doson
1290 4033 1374 4088 etiam

250 4101 316 4146 trem
326 4097 438 4144 Remum
447 4093 535 4141 necari
550 4091 671 4143 'usserats
819 4106 995 4159 nuncupatus,
1006 4094 1079 4162 qudd
1094 4097 1179 4148 mults
1190 4101 1373 4164 promitteret,

283 4163 443 4224 2Prtn'eipes
458 4109 680 4223 &endymion
693 4159 797 4210 Straba·
818 4168 845 4210 et
864 4176 914 4210 non
935 4177 1038 4230 semper
1059 4170 1143 4214 staret
1163 4168 1324 4230 promissus
1343 4178 1374 4221 et

249 4237 309 4284 nem
327 4235 439 4279 testatur
454 4226 586 4290 Ephoms,
598 4234 707 4292 gentem
723 4223 794 4288 illem
818 4229 976 4295 Euergetes,
988 4247 1022 4280 ea
1035 4231 1125 4292 Sauo,
1136 4229 1220 4298 quod,
1230 4233 1303 4289 ricto
1313 4237 1374 4288 Cle·
1441 4245 1442 4282 l

249 4293 370 4354 paruisse
386 4294 500 4345 nemini:
517 4293 565 4344 sed
579 4301 689 4360 propter
698 4293 796 4358 asperi·
819 4310 919 4356 omens,
932 4299 1026 4363 Sparta
1039 4295 1150 4360 potitus,
1163 4299 1279 4354 maxime
1291 4303 1370 4356 bene·
1441 4295 1442 4362 ζ

248 4363 334 4435 tatem
345 4361 473 4422 locorum,
490 4357 726 4428 fortitudinemque
744 4359 798 4414 bel·
817 4361 1022 4429 ficia'Spartauiu
1033 4365 1186 4418 tunttderit.
1441 4371 1442 4380 ¹

249 4424 337 4489 houm,
347 4439 451 4492 semper
462 4427 616 4490 indomitam
627 4430 764 4481 mansisse.
